2712 4738
312 223 320 240 '
393 237 606 312 unncvns.
648 239 830 312 runem.
929 217 931 226 ’
1098 246 1185 308 ss·

21 375 22 380 ¹
96 397 132 460 ni
147 393 261 480 campi
276 373 419 467 leontini
438 389 507 456 due
529 389 643 476 mllio
666 375 823 479 iugerum
847 391 1027 460 immunia.
1069 379 1135 464 rid.

96 480 194 545 Tom.
213 487 246 550 2.
269 501 304 564 p.
319 481 391 543 870.
436 477 648 562 Quemquam
664 475 833 550 Ernestius
850 498 992 552 caussam
1010 475 1133 546 frustra

95 565 253 650 quaesivit
269 565 302 626 in
318 561 549 634 coniunctim,
575 561 667 628 cuius
689 564 841 650 exemplu
865 569 939 624 ente
954 568 1133 651 proposui·
1228 599 1236 623 .

91 672 176 716 mus.
218 647 422 726 Discriminis
443 665 554 708 caussa
573 643 687 710 confer
711 647 845 712 Terent.
867 645 970 714 Andr.
983 651 1016 732 4,
1031 651 1061 732 4,
1077 653 1129 716 46.

93 735 170 800 hem
184 735 331 812 scelera,
352 741 386 794 ct
408 729 520 800 Senec·
537 729 676 816 Hippol·
691 736 764 799 826.
788 756 828 804 en
843 731 980 804 scelere.

237 895 598 988 unxores.
655 897 972 986 renuens..
1015 999 1016 1006 ψ

175 1061 255 1140 Quo
270 1061 372 1126 modo
391 1071 423 1124 et
440 1059 571 1146 quando
588 1057 711 1125 fuctum
727 1061 789 1139 sit,
810 1071 845 1128 ut
869 1082 991 1128 nomen
1005 1061 1128 1132 Hercu-

86 1143 126 1208 lis
156 1146 196 1208 in‘
218 1143 430 1210 obtestatione
456 1156 487 1209 et
510 1143 729 1210 affirmatione
759 1147 805 1210 ita
833 1157 1065 1226 usurarum,
1092 1158 1129 1210 ut

86 1229 238 1292 divinum
261 1253 381 1297 numen
405 1252 447 1294 ne
471 1231 669 1312 cogitaretur
691 1231 843 1315 quidem,
860 1168 1129 1302 sedetverbium

20 1383 21 1390 χ
87 1311 257 1378 audiretur
280 1313 407 1378 iurandi
430 1324 460 1378 et
484 1313 670 1382 nlfirmnndi
699 1316 857 1402 simplex,
879 1327 1015 1382 nonest
1038 1313 1128 1401 quod

85 1397 141 1461 hic
158 1397 431 1464 demonstremus.
464 1399 595 1462 Plautus
615 1400 712 1466 etiam
728 1401 829 1466 inAm
856 1400 1023 1482 hitruone,
1038 1421 1126 1466 uon-

89 1482 168 1548 dnm
192 1495 270 1547 nuto
295 1483 454 1566 Hercule,
475 1483 682 1566 loquentibus
704 1423 923 1556 tribuitlrnnc
946 1485 1125 1555 iuramenti

88 1563 279 1634 formulam.
329 1569 373 1634 Et
396 1571 466 1656 ipsu
491 1567 639 1640 vocabuli
670 1591 821 1636 mensure
855 1571 1017 1650 ostendit,
1046 1592 1124 1659 qua-

19 1679 20 1704 1
89 1663 181 1716 tenus
204 1653 330 1717 exuerit
353 1652 492 1719 vocativi
522 1663 692 1716 naturum:
729 1675 806 1716 nem
829 1665 978 1726 extrema,
996 1654 1123 1742 syllubu

87 1738 281 1824 corripitur,
308 1739 397 1822 quod
419 1737 568 1804 vocativo
584 1760 626 1800 ne
649 1738 685 1807 in
705 1758 773 1804 uno
792 1739 923 1824 quidem
937 1739 1014 1803 loco
1037 1739 1124 1802 Pro-

87 1823 188 1909 pertii
211 1825 250 1903 4,
276 1828 332 1898 11,
356 1823 409 1888 40.
447 1821 692 1890 concedendum
716 1823 787 1888 erit.
830 1821 900 1885 Iam
923 1825 1126 1910 grammatici

88 1917 212 1970 veteres
229 1907 438 1994 appellebant
452 1905 653 1975 adverbium.
696 1907 761 1973 vid.
785 1907 907 1971 Donat.
928 1907 969 1971 nd
992 1905 1126 1972 Terent.

87 1991 151 2054 Ad.
173 1993 216 2068 ¹5,
237 1997 276 2070 9,
302 1996 353 2057 18.
402 1992 565 2057 Dixerunt
594 2014 670 2056 vero
699 1992 805 2056 Latini
826 1991 975 2070 hercule,
1004 1989 1124 2072 hercle,

85 2075 258 2150 hercules,
283 2075 462 2156 mehercle,
479 2077 688 2144 mehercules.
730 2075 815 2144 lllud
830 2097 899 2158 rue,
922 2074 1009 2164 quod
1028 2098 1125 2160 prue-

88 2160 225 2246 frgitur,
249 2161 479 2244 grammaticos
504 2159 644 2226 multum
660 2159 792 2236 fefellit,
814 2163 869 2246 qui
892 2159 1027 2258 plurimi
1048 2162 1125 2246 qui-

86 2245 167 2308 dem
191 2265 378 2329 pronomen
396 2243 612 2330 intelligentes
630 2245 800 2331 abruptum
822 2257 1006 2310 orationem
1028 2266 1124 2310 com-

87 2329 182 2416 plere
197 2328 346 2392 solebant
362 2327 413 2392 his
431 2329 554 2392 verbis:
577 2330 629 2392 itu
650 2351 702 2392 me
724 2329 871 2396 hercules
898 2329 1034 2394 adiuret
1054 2329 1125 2404 ¹site

90 2425 202 2488 amet,
233 2415 286 2477 itu
310 2437 380 2488 me,
408 2413 536 2488 hercle,
568 2411 714 2476 ucliuues.
765 2413 840 2491 Quo
871 2413 955 2476 nihil
985 2414 1126 2498 ineptius

90 2499 157 2564 dici
173 2508 290 2584 potest.
337 2499 546 2582 Quemquam
564 2497 680 2562 Paulus
697 2495 860 2560 Diaconus
884 2497 969 2560 Festi
990 2495 1127 2562 nomine

88 2585 133 2647 itu
159 2583 286 2646 docuit:
315 2594 484 2646 mecastor
511 2595 544 2648 et
573 2581 774 2650 mehercules
803 2580 1125 2667 iusiurandumest,

89 2668 189 2754 quusi
212 2667 397 2748 diceretur,
417 2667 469 2732 ita
492 2691 545 2730 me
565 2666 704 2743 Castor,
733 2666 854 2730 iturine
877 2665 1058 2745 Hercules,
1089 2677 1126 2727 ut

86 2751 313 2818 subaudiatur
337 2753 435 2818 iuvet.
477 2752 649 2818 Martinius
665 2753 699 2816 in
720 2751 798 2816 Lex.
821 2775 854 2838 p.
870 2754 944 2817 557.
968 2751 1126 2838 explicuit

88 2837 200 2904 hercle
224 2837 379 2912 iuvante,
400 2859 453 2900 me
476 2837 608 2902 hercule
630 2838 784 2903 iuuante.-
806 2858 887 2920 quoe
912 2847 959 2900 est
982 2833 1126 2898 incredi-
1177 2845 1180 2860 ’

88 2919 166 2989 bilis
181 2919 312 3008 ellipsis.
352 2921 432 2996 Alii,
459 2924 515 3005 qui
537 2921 588 2986 his
598 2921 753 2986 subsidiis
770 2921 979 2998 diffidebant,
1002 2920 1126 2985 vocati·
1237 2972 1240 2983 .

89 3026 172 3070 uum
203 3025 272 3068 esse
302 3005 545 3068 existimarunt:
580 3003 788 3068 mehercule
819 3028 883 3090 pro
906 3006 954 3071 mi
985 3002 1127 3084 hercule.

90 3091 163 3154 Nos
183 3089 249 3152 inm
279 3085 379 3150 Tom.
402 3092 432 3151 ἓ.
466 3111 499 3173 p.
522 3089 598 3149 842.
629 3109 701 3150 rem
724 3087 954 3170 exposuimus,
984 3107 1037 3148 me
1061 3107 1128 3148 esse
1205 3097 1207 3104 ’

90 3173 252 3261 syllabam
278 3169 476 3260 praefixum,
502 3190 586 3254 quse
614 3170 702 3234 idem
733 3167 909 3255 significet,
934 3169 1071 3258 quode
1093 3170 1128 3233 in

91 3271 235 3324 ecastor.
294 3256 456 3320 Habemus
493 3254 699 3320 simillimum
737 3253 926 3341 exemplum
957 3255 992 3317 in
1022 3255 1127 3319 verbis

91 3343 224 3408 medius
236 3338 360 3428 fidius,
382 3339 492 3405 medie
499 3335 602 3426 fldie.
643 3342 748 3424 Atque
764 3338 844 3403 hnee
858 3340 1015 3404 sententis
1033 3359 1147 3404 com-¹

92 3427 252 3515 probatur
276 3448 335 3490 usu
356 3435 549 3512 poetarum,
571 3445 713 3511 quorum
733 3443 835 3488 nemo
856 3425 1078 3511 antiquiorum
1094 3425 1128 3487 in

96 3536 147 3577 me
158 3511 384 3600 synaloephen
400 3510 547 3574 admisit:
571 3529 769 3596 quamquem
782 3510 826 3574 itn
844 3510 1126 3592 censueruuttpui-

96 3597 171 3664 dnm
197 3597 300 3670 critici
318 3597 353 3661 in
368 3595 487 3660 Catulli
502 3617 530 3658 c.
546 3599 606 3672 38,
622 3600 655 3660 2.
677 3603 709 3659 et
722 3595 844 3658 Statius
859 3596 970 3680 ipsum
984 3593 1128 3658 mercule

94 3681 317 3769 recipiendum
334 3679 438 3744 duxit.
479 3679 529 3741 lbi
545 3699 632 3744 vero.
646 3677 854 3744 scribendum
867 3688 935 3744 ,octe
963 3677 1056 3740 mele
1079 3687 1127 3738 est

97 3766 250 3845 hercule,
271 3778 304 3829 et
321 3777 368 3830 est
384 3761 562 3828 laboriose.
603 3765 645 3826 At
670 3763 743 3846 ipse
754 3761 918 3827 Bentleius
936 3763 977 3826 nd
993 3762 1129 3826 Terent.

99 3853 181 3917 Eun.
201 3857 239 3931 1,
257 3857 292 3925 1,
313 3857 365 3916 22.
388 3847 497 3912 docuit
512 3845 672 3912 mehercle
690 3867 829 3933 semper.
843 3867 910 3912 esso
932 3843 1128 3934 elispllabon.

100 3937 221 4002 Audio:
244 3945 355 3998 tamen
371 3933 470 3999 lslsus
487 3931 542 3996 illc
557 3941 606 3996 est
622 3951 696 3999 cum
714 3931 837 4000 ceteris.
945 3944 948 3953 ’
993 3957 1017 3992 r·
1096 3949 1100 3954 ·

182 4020 316 4086 Plautus
330 4039 492 4106 nusquam
513 4015 736 4084 utiturserbo
759 4015 939 4091 mellendo,
960 4001 1133 4080 Terentius
