2738 4730
448 213 738 359 '‘ranicoss-
833 216 884 370 ²,
1090 216 1154 338 scr
1254 261 1256 266 ’

387 397 389 402 ’
474 439 766 532 marce.

189 599 328 666 Plurimi
350 598 558 688 grammatici
587 599 718 676 nostri,
754 599 985 666 Tursellinum
1011 600 1153 688 sequuti,
1223 670 1226 676 ,
1253 637 1257 650 ι

106 683 299 752 docuerunt
311 686 404 750 illico
423 707 493 750 esse
510 685 548 749 in
563 685 648 750 loco.
691 685 778 750 Nam
796 686 885 773 quod
903 687 938 751 in
955 696 1070 834 quari?
1086 688 1155 752 edi-

105 771 200 836 tione
224 771 401 839 Schivarzii
422 771 542 856 legitur
565 771 604 835 id
625 772 716 853 locu,
739 781 850 836 errore
873 782 886 834 t
914 794 1041 859 pograp
1055 768 1078 837 ‘i
1100 773 1156 837 fa-

107 867 198 925 ctum
213 869 307 946 puto.
351 856 390 920 In
414 857 526 942 quinta
552 867 660 922 autem
685 857 794 921 nescio
821 881 863 922 an
884 795 1052 922 iirnestius
1075 861 1156 923 scri-

104 942 208 1031 pserit
229 943 324 1008 illico
349 963 419 1007 esse
442 941 502 1006 illo
525 941 617 1012 loco:
639 964 700 1010 neo
727 944 797 1006 sine
819 965 943 1008 caussa.
988 943 1042 1006 Vis
1067 945 1156 1008 enim

106 1028 366 1093 demonstrativa
392 1047 489 1112 saepe
512 1029 546 1092 in
569 1026 635 1092 hoc
662 1029 798 1094 nomine
822 1039 953 1093 tuntum
984 1029 1087 1109 valet,
1119 1039 1157 1092 ut
1244 1066 1247 1076 ι

106 1114 290 1178 Grimmius
313 1115 348 1178 in
375 1113 558 1176 Grammat.
583 1136 731 1200 german.
754 1114 796 1178 Τ.
811 1120 843 1180 3.
866 1139 900 1202 p.
917 1118 990 1178 197.
1010 1113 1093 1180 adeo
1116 1115 1157 1180 ab
1235 1109 1239 1176 ζ

47 1216 49 1220 ’
103 1199 180 1264 illic
195 1197 313 1262 deduci
333 1198 504 1262 maluerit:
536 1199 625 1284 quod
645 1200 817 1286 quomodo
836 1199 909 1264 fieri
931 1210 1062 1285 posset,
1084 1199 1156 1286 ipse

102 1306 175 1348 non
191 1285 440 1349 demonstravit.
484 1283 600 1370 Neque
622 1305 699 1350 vero
722 1307 840 1350 omnes
865 1283 1156 1350 difficultatesre-

100 1380 281 1435 moverunt
297 1369 330 1450 ii,
354 1371 408 1457 qui
427 1371 531 1452 ἔμπας,
556 1392 597 1434 ex
615 1373 648 1434 ἓν
663 1376 882 1451 micenarum,
906 1370 1155 1458 comparabant,

103 1465 161 1520 eut
183 1455 325 1520 alterurn
348 1455 440 1518 eloco
463 1457 530 1522 sive
553 1478 571 1519 e
593 1455 665 1520 loco
688 1457 908 1520 adstruebant.
950 1457 1079 1534 Nonius
1098 1479 1155 1520 in-

102 1550 307 1628 terpretatur
323 1561 382 1627 per
393 1541 426 1616 ‚il
438 1564 470 1605 0.
512 1540 581 1604 Sed
597 1543 728 1606 Plautus
747 1543 828 1609 dixit
845 1543 918 1606 illic
944 1541 1085 1606 aderato
1108 1541 1156 1608 il-

104 1627 206 1691 licost
233 1626 273 1690 In
301 1647 508 1712 quacumque
531 1628 621 1692 enim
644 1627 755 1716 lingua
782 1628 949 1692 interdurn
980 1629 1155 1715 opiniones

105 1711 146 1776 de
161 1710 273 1778 indole
291 1712 532 1776 vocabulorum
546 1723 636 1776 recte
653 1725 707 1778 aut
720 1725 845 1777 temere
862 1725 1040 1800 conceptue
1055 1735 1154 1778 usum
1220 1747 1231 1754 -

102 1797 310 1864 sormuntuc
335 1809 483 1876 mutant,
505 1820 566 1863 nec
590 1800 704 1863 omnia
726 1810 887 1884 reguntur
908 1801 1046 1864 ratione.
1091 1800 1155 1864 Se-

104 1906 248 1972 quemur
270 1883 371 1970 igitur
392 1883 546 1964 Festum,
581 1885 638 1970 qui
662 1885 757 1959 dicit:
783 1885 882 1950 coclea
903 1885 936 1949 si
960 1885 1084 1962 arides,
1102 1897 1154 1948 ute

103 1971 152 2033 sie
169 1993 238 2056 pro
262 1969 293 2030 si
315 1969 383 2046 cis,
405 1980 441 2032 et
464 1969 557 2032 illico
577 1992 644 2054 pro
666 1971 704 2035 in
724 1971 819 2034 loco:
842 1981 941 2058 atque
961 1981 1153 2050 statuamuS,

102 2055 200 2120 illico
225 2074 428 2138 quamquam
454 2053 581 2117 facturn
599 2056 645 2136 »sit
671 2057 770 2120 exin
793 2055 886 2137 loco,
912 2068 1024 2121 temen
1045 2058 1089 2120 ita
1113 2057 1176 2121 111Α

97 2161 202 2205 usum
228 2137 497 2222 accommodari,
530 2139 620 2224 quasi
644 2134 769 2205 dicatur
791 2142 851 2209 illo
875 2142 914 2207 ia
936 2144 1019 2212 loco.
1064 2142 1153 2223 Qui·
1204 2132 1206 2138 ¹
1250 2219 1251 2222 Ἴ
1355 2209 1357 2212 .

66 2261 68 2270 1
102 2225 183 2290 dam
198 2223 376 2311 scriptores
393 2245 496 2308 quum
512 2225 605 2290 illico
624 2227 662 2290 ed
682 2239 813 2314 tempus
838 2227 964 2293 referre
986 2225 1074 2292 soliti
1098 2249 1153 2292 es-

100 2319 197 2384 sent,
222 2307 263 2373 de
288 2307 530 2373 ioco'dicebant
545 2310 583 2374 in
606 2311 691 2377 loco.
733 2313 782 2376 lta
805 2312 959 2394 Tacitus,
985 2315 1042 2400 qui
1067 2315 1153 2379 Aen.
1234 2337 1236 2340 ·
1268 2299 1271 2305 ¹

105 2403 146 2475 1,
171 2399 226 2460 63.
256 2405 376 2474 castra
398 2395 524 2460 metari
545 2395 583 2460 in
611 2396 684 2462 loco
705 2397 850 2484 placuit.
872 2400 1017 2486 itemque
1040 2400 1081 2478 4,
1098 2403 1153 2463 47.

103 2487 158 2558 13,
175 2483 227 2545 41.
246 2478 301 2550 sed
320 2479 415 2558 illico
432 2480 472 2545 de
496 2491 650 2570 tempore
665 2493 836 2572 praesente
859 2488 899 2566 2,
917 2487 948 2548 8.
972 2489 1030 2564 13,
1047 2485 1100 2566 52.
1121 2492 1156 2548 et

101 2565 245 2633 fortasse
263 2563 351 2631 alibi.
396 2567 508 2631 Sicubi
523 2570 557 2632 in
583 2567 673 2634 libris
701 2569 862 2635 veteribus
886 2571 1048 2656 scriptum
1069 2567 1155 2654 legi-

100 2663 161 2718 tur
174 2651 272 2731 ilico,
294 2661 351 2716 aut
366 2653 602 2740 compendium
622 2666 670 2723 est
686 2655 867 2732 scribendi,
893 2665 949 2720 aut
965 2655 1096 2720 licentia
1118 2655 1155 2720 in

101 2738 277 2827 geminatis
306 2737 440 2824 liquidis
473 2761 638 2806 concessa.
695 2743 829 2806 Praeter
863 2741 1016 2806 'scenicos
1050 2761 1153 2804 nemo

100 2835 294 2913 poetarum·
311 2821 373 2887 hac
397 2825 558 2911 particula
584 2847 660 2891 usus
685 2837 743 2892 est.
776 2826 950 2908 5Gaussam
975 2848 1095 2915 quaere
1115 2827 1153 2892 in

101 2919 234 2978 metro:
255 2930 335 2972 nam
350 2910 457 2974 media
473 2911 601 2998 syllaba
620 2913 809 3001 corripitur.
889 2975 896 2995 ἱ

217 3031 322 3094 Erant,
340 3028 388 3096 qui
406 3029 511 3096 ubique
525 3033 592 3086 eloco
606 3049 656 3100 pro
670 3033 741 3086 illico
756 3031 929 3085 scribentium
943 3030 1155 3085 arbitrarentur.

173 3115 230 3170 vit.
247 3115 328 3182 Tom-
344 3115 371 3168 2.
388 3133 415 3184 p.
434 3113 494 3166 364.
526 3117 683 3174 Palmariue
698 3115 726 3167 in
743 3115 883 3168 veteribus
901 3114 980 3168 libris
998 3113 1092 3178 Plauti
1112 3113 1155 3166 iu-

172 3188 249 3256 ienit
263 3199 342 3266 elice,
359 3199 419 3268 ipse
436 3214 503 3253 veru
520 3201 589 3253 illico
604 3199 709 3268 accepit
725 3184 774 3268 pro
789 3199 834 3252 tuo
849 3200 913 3254 loco.
946 3198 1003 3252 viu.
1019 3198 1077 3252 ciue
1086 3198 1155 3270 Spi-

174 3285 257 3364 ciieg.
274 3283 317 3336 13.
334 3303 361 3354 p.
378 3282 439 3366 8511.
460 3286 573 3338 Gruter.¹
587 3285 672 3366 Thea.
692 3283 773 3339 Tom.
786 3281 814 3338 4.
1024 3281 1026 3284 ’

103 3446 114 3452 ..
188 3399 218 3460 1.
247 3395 397 3459 Primum
423 3397 524 3484 igitur
545 3395 638 3460 illico
662 3395 823 3483 significat
846 3395 882 3460 in
907 3416 946 3460 eo
969 3394 1042 3484 ipso
1065 3392 1184 3476 loco,-
1219 3428 1227 3447 =

104 3481 167 3567 qui
184 3491 363 3564 occupatus
378 3504 447 3544 non
464 3491 628 3560 mutatur,
651 3495 705 3546 aut
722 3485 756 3547 in
776 3481 836 3548 illo
855 3481 949 3558 loco,
973 3503 1072 3566 quem
1094 3483 1154 3546 de-

98 3587 211 3720 sppno.
266 3565 349 3630 Hoe-
371 3567 510 3632 aiterum
543 3568 667 3632 accedit
690 3567 729 3632 ad
756 3566 1030 3656 significationem
1062 3567 1153 3646 verbi

97 3655 114 3719 i
134 3675 186 3803 libo.
239 3652 398 3719 Germani
428 3663 607 3741 utrumque
637 3655 832 3744 exprimunt
862 3675 930 3718 uno
957 3651 1060 3719 verbo
1085 3653 1154 3719 da-

95 3763 133 3806 ae
170 3749 213 3804 st.
674 3786 680 3792 -
988 3757 990 3763 ’

202 3849 324 3903 Donatus
337 3854 416 3918 putet
432 3867 493 3919 esse
516 3849 629 3920 proprie
649 3849 766 3906 verbum
786 3847 921 3918 romaric,
937 3849 1042 3906 Pareae
1059 3853 1152 3906 entem
1200 3927 1210 3934 Ὠ
1320 3879 1321 3888 ¹

169 3929 311 4005 κρονικόν.
344 3935 414 3988 lunt
433 3953 530 3989 verum
544 3942 595 3992 ese

203 4021 324 4093 Naevius
347 4038 421 4110 apuu
442 4037 560 4092 Nonium
581 4037 615 4106 4,
640 4038 704 4094 242.
736 4035 812 4094 Belli
839 4038 930 4107 punici
960 4039 1034 4094 libro
1061 4042 1152 4094 sextos
1175 4054 1179 4067 ‘

160 4124 307 4195 septimam
329 4125 457 4180 deuotum
480 4123 668 4182 aecumenica
688 4127 786 4182 sedeat.
822 4124 931 4180 Cassius
951 4123 1087 4178 Hemina:
1112 4121 1166 4177 laic
