2738 4730
186 333 285 411 'att
714 335 774 437 lat.

221 493 327 566 videri
342 491 454 581 stirpis
469 501 505 557 ct
527 489 732 580 primitivam
756 489 1012 580 praepositionis
1035 489 1105 556 rim
1131 497 1205 560 es'ae
1228 488 1288 554 de-

220 582 484 659 monstrativum,
501 578 785 664 quemadmodum
804 579 837 643 ἒν
854 598 896 642 cx
912 575 1069 666 ifactpm
1083 575 1138 641 sit.
1172 575 1288 656 Quem

221 667 409 738 doctrinam
423 663 607 730 admodum
623 659 812 750 mirabilem
828 662 883 728 hic
905 663 1045 728 omnino
1069 663 1208 727 missam
1233 660 1289 726 fa-

217 758 366 834 ciamus,
397 751 474 838 quia
497 771 540 816 ne
563 751 743 815 minimum
770 749 907 836 quidem
931 759 1145 814 momentum
1174 770 1217 812 ex
1249 755 1289 813 'eu

147 835 151 848 Κ
201 859 392 938 xemergere
408 837 578 917 videmus,
599 838 740 923 quadiu
758 835 993 924 explicandum
1013 847 1112 899 nsum
1139 856 1290 922 praepo-

223 927 351 993 sitionis
376 923 524 989 adhiberi
542 923 656 1011 possit.
699 923 768 986 Nos
784 921 887 1008 igitur
908 922 1043 986 incertis
1067 921 1288 1009 opinionibus

223 1035 296 1080 non
308 1009 444 1077 adducti
466 1009 506 1074 ab
532 1009 595 1073 hoc
609 1009 705 1072 initio
726 1009 942 1096 incipiamus,
963 1018 1000 1072 ut
1024 1017 1230 1082 statuamus,
1253 1009 1290 1070 irs

223 1121 301 1164 esse.
318 1099 368 1175 ἐν,
392 1095 482 1184 quod
507 1095 619 1159 Cretes
643 1095 744 1160 ctiant
769 1097 800 1158 ir
816 1093 1092 1181 pronuntiabant.
1121 1093 1188 1158 vid.
1203 1093 1290 1156 Vni-

154 1236 156 1252 .
223 1187 342 1252 kcnar.
359 1181 399 1247 ad
416 1179 587 1266 Theocrit.
603 1180 763 1246 Adoniaz.
781 1202 815 1268 p.
828 1181 902 1246 364.
920 1181 959 1246 Β.
1002 1179 1091 1244 Haec
1108 1180 1289 1266 praeposi-

148 1295 149 1302 *
223 1274 283 1353 tio,
299 1291 381 1356 quac
398 1287 574 1354 nusquam,
592 1266 688 1330 sicuti
698 1264 736 1328 iit
748 1266 782 1330 in
799 1265 880 1347 aliis,
899 1265 1130 1332 adverbialiter
1144 1287 1290 1354 usurpa-

135 1377 140 1400 t
224 1369 299 1440 tur,
321 1376 398 1418 cum
414 1353 558 1418 ablativo
583 1352 769 1440 composita
789 1351 903 1419 locum
924 1349 1106 1440 significat,
1127 1352 1185 1416 ubi
1206 1351 1299 1438 quid,

187 1437 189 1441 ⁸
225 1445 287 1521 sit,
317 1462 395 1504 cum
420 1439 603 1504 accusativo
626 1439 737 1503 iuncta
766 1437 898 1517 locum,
931 1459 1031 1525 quem
1063 1437 1142 1524 quid
1172 1438 1289 1502 intret.

120 1600 123 1608 f
225 1529 294 1594 Sed
308 1547 385 1590 usus
410 1524 544 1590 voculae
561 1535 630 1588 tam
653 1523 831 1612 multiplex
844 1533 876 1589 at
890 1523 942 1589 ”ue
959 1525 1119 1610 frequens
1144 1534 1214 1604 est,
1238 1535 1287 1606 ut,

225 1615 284 1702 qui
309 1610 453 1698 singulas
475 1611 619 1676 rationes
641 1611 864 1698 explicaturus
878 1547 1073 1678 discrimina
1097 1613 1197 1676 etiam
1217 1611 1288 1676 mi·

224 1699 400 1765 notissima
415 1695 495 1768 ,velit
514 1696 711 1774 observare,
741 1697 797 1762 vix
822 1695 953 1762 cvitnrit
974 1697 1098 1764 'nimiae
1119 1696 1290 1770 subtilita-

226 1783 590 1874 tis‘rcprehensionem.

308 1911 337 1979 1.
357 1912 507 1977 Primum
525 1909 565 1975 dc
582 1907 742 1973 ablativo:
766 1906 801 1972 in
817 1901 908 1973 cuius
925 1929 985 1973 usu
1001 1910 1290 1998 praepositionem

163 2037 170 2048 ι
225 1997 327 2064 inita
344 2017 613 2085 percenseamus,
634 2005 671 2058 ut
688 1995 836 2080 primum
857 2017 913 2072 ea,
937 2017 1021 2081 quae
1044 1997 1085 2060 ad
1103 1997 1216 2060 locum
1239 1997 1292 2062 vel

225 2104 299 2150 rem
317 2083 501 2170 pertinent,
524 2080 643 2146 deiude
658 2102 715 2160 ea,
737 2101 821 2166 quae
844 2091 976 2168 tempus
999 2081 1205 2168 significant,
1227 2104 1290 2146 ex-

225 2168 406 2319 plicemus,
428 2178 461 2233 et
475 2167 571 2232 tertio
588 2166 663 2230 loco
688 2165 1083 2254 eacomprehendamus,
1105 2191 1191 2256 qnae
1214 2192 1291 2233 am-

252 2253 344 2340 iguae
362 2253 516 2320 viduatur
532 2274 602 2318 esse
617 2251 754 2317 rationis
767 2252 801 2316 in
815 2253 1100 2319 accommodando
1119 2276 1207 2320 casu.
1251 2255 1292 2320 in

226 2339 292 2407 illis
313 2346 414 2420 vero,
439 2361 523 2428 quac
538 2349 658 2404 statum
685 2338 719 2403 in
742 2337 853 2424 aliquo
876 2338 951 2403 loco
980 2340 1031 2404 vel
1056 2341 1091 2405 in
1115 2341 1226 2428 aliqua
1252 2364 1290 2407 re

228 2426 417 2516 designant,
440 2426 553 2492 omnia
569 2423 723 2512 exempla
740 2424 781 2487 ad
799 2423 884 2488 duos
900 2425 1079 2509 redigenda
1099 2439 1179 2491 sunt
1193 2427 1291 2492 ordi-

227 2535 299 2578 nes.
342 2513 429 2577 Nam
448 2522 504 2576 aut
519 2511 702 2597 cogitamus
718 2519 840 2574 statum
866 2519 899 2574 ct
917 2511 1146 2578 conditionem
1173 2511 1290 2578 homi-
1367 2517 1368 2544 ³

227 2601 279 2664 nis
297 2598 348 2663 vel
364 2597 413 2662 rei
428 2598 564 2684 agentis,
579 2607 636 2660 aut
654 2595 881 2661 conditionem
895 2618 1020 2673 rerum,
1038 2599 1073 2662 in
1089 2599 1210 2686 quibus
1225 2599 1291 2664 ho-

149 2757 151 2763 .
226 2683 333 2747 minos
358 2681 409 2747 vel
430 2703 483 2746 res
503 2679 632 2768 agendo
657 2691 839 2745 versantur.
899 2682 980 2748 Hoc
1006 2684 1150 2751 alterum
1183 2707 1290 2773 genus

226 2764 515 2854 philosophorum
534 2787 629 2830 more
653 2764 874 2845 obiectivum,
896 2767 980 2834 illud
1004 2771 1146 2838 alterum
1171 2773 1290 2838 subic-

209 2895 210 2903 κ
227 2853 353 2920 otivum
370 2850 539 2941 appellare
556 2851 677 2940 placet.
1238 2879 1242 2892 ·

178 3052 181 3064 Δ
314 2985 344 3048 1.
365 2979 535 3048 Primitiae
551 2977 746 3070 significatio
771 2977 869 3045 huius
893 2983 1152 3072 praepositionis
1174 2986 1290 3054 locum
1367 2987 1368 2992 ’

228 3067 396 3156 designat,
427 3069 483 3155 qui
505 3085 577 3132 rem
610 3065 753 3152 aliquam
783 3067 923 3133 includit
945 3079 978 3134 et
1006 3072 1151 3137 intruso
1176 3072 1289 3143 habet.

218 3155 425 3242 ¹Opponitur
440 3164 550 3220 extra.
592 3151 630 3217 ld
647 3174 727 3216 vcro
747 3153 911 3240 ampliore
926 3156 1067 3221 notione
1083 3158 1229 3242 refertur
1247 3161 1291 3225 ad

226 3239 351 3316 locum,
374 3239 431 3303 ubi
447 3240 528 3326 quid
545 3238 598 3318 sit,
611 3235 857 3303 denotandum.
901 3239 949 3305 Itu
964 3239 1012 3316 fit,
1030 3253 1067 3306 ut
1083 3254 1116 3308 et
1130 3267 1291 3332 graecum

227 3324 261 3390 iv
277 3335 310 3387 et
329 3323 470 3387 latinum
484 3324 523 3388 ιἰι
542 3323 655 3386 locum
672 3321 856 3410 significent
871 3327 1078 3411 generaliter.
1121 3331 1211 3396 tttad
1228 3330 1290 3399 aba·

227 3428 334 3494 quum
351 3407 462 3473 dativo
483 3429 578 3489 casu,
599 3409 656 3494 qui
672 3410 716 3472 ob
736 3410 818 3474 itanc
834 3431 980 3484 caussam
997 3407 1157 3480 locativus
1175 3420 1290 3486 vocuri

227 3503 261 3558 et
273 3493 432 3580 'singulari
449 3491 562 3558 forma
579 3493 742 3580 designari
754 3505 888 3581 potest,
909 3501 1048 3586 proprie
1067 3504 1291 3589 exprimatur,
1366 3507 1367 3510 ’

226 3579 262 3644 in
278 3577 379 3656 latina
397 3579 530 3666 lingua,
560 3583 693 3666 qnando
718 3581 843 3647 accedit
865 3586 1085 3672 praepositio,
1108 3587 1148 3652 fit
1167 3590 1293 3656 ablati·

225 3684 306 3742 rus,
336 3687 436 3815 quam
456 3669 585 3730 ‘notum
612 3675 662 3730 est
689 3667 918 3754 antiquissimo
951 3681 1104 3761 tempore
1137 3675 1290 3744 eiusdem

37 3795 41 3801 -
120 3799 142 3812 ,.
213 3747 327 3827 ‚fuisse
359 3773 482 3817 armac.
525 3751 616 3816 Duae
635 3752 736 3840 igitur
760 3755 917 3820 dictiones
938 3756 972 3820 in
997 3779 1094 3824 usum
1112 3773 1291 3845 venerunt,

155 3851 161 3862 ‘
226 3836 326 3902 etiam
343 3859 419 3901 cum
437 3836 582 3922 quodam
597 3836 846 3988 sippificationis
863 3841 1075 3910 discrimine:
1102 3863 1182 3912 num
1202 3848 1292 3914 ulte-

218 3943 263 3988 ra
284 3921 416 3989 locativi
444 3923 479 3988 in
503 3924 629 3988 nomini
654 3945 693 3988 us
715 3926 849 3992 urbium
877 3925 1020 4012 indicat,
1050 3929 1097 3996 ibi
1121 3955 1194 3998 esse
1222 3935 1292 4000 ali·

225 4029 345 4094 quem,
366 4007 467 4073 altera
488 4005 549 4074 ini
576 4031 612 4074 aa
636 4009 718 4076 urbe
730 4012 878 4100 aliquem
902 4036 1009 4098 essc,:
1033 4017 1133 4084 veluti
1152 4017 1292 4088 Ranae

226 4103 332 4158 estsa
349 4091 455 4173 Rom,
478 4093 516 4158 ira
565 4118 643 4160 cmc
662 4107 715 4174 est
733 4097 884 4164 initam.
928 4099 1102 4168 Locativus
1119 4105 1156 4169 in
1172 4107 1294 4173 nomi-

225 4173 322 4244 nibus
338 4179 481 4266 urbium,
502 4182 759 4272 praepositio'ia
775 4184 967 4252 nominibus
980 4197 1146 4256 terraram
1163 4213 1293 4286 regun-
