2680 4746
514 197 700 272 Maxilla.
989 229 991 236 ’
1061 213 1124 278 599

1084 310 1090 343 i

155 363 250 428 quauta
271 362 325 421 eat,
344 375 422 428 quara
444 356 505 414 cuis
520 365 657 429 fracturae
676 325 768 414 cama
782 377 880 430 queque
896 361 987 416 aiau
1007 366 1121 430 nemer,

40 473 41 476 ¹
132 443 309 510 ustrenueque
324 444 347 496 ei
361 444 388 496 id
402 443 509 498 musculi
517 445 628 514 semeria
640 451 686 498 cut
702 445 804 498 humeri
817 443 945 498 nucerini.

117 589 119 592 ,
182 543 256 598 erra.
277 542 350 598 aar.
376 562 404 596 a.
426 544 470 609 aa,
493 543 520 609 a,
542 532 586 598 ει.
611 563 659 600 ..ο
680 519 769 600 aliua
792 544 1120 614 (manumissurus

151 629 306 698 colligitur,
325 635 403 696 caput
418 647 591 700 aggravans,
606 631 718 684 manaae
730 631 781 682 aiei
793 638 973 700 praesumatur
990 631 1088 683 ullium.

184 728 240 782 (aie,
256 729 291 782 ad
305 731 361 782 uu.
376 727 419 794 13,
434 731 458 781 1.
476 749 522 784 uec
537 749 595 784 uero
610 733 693 784 ultum
708 748 791 801 geuur
812 732 973 799 potamionis
994 738 1031 783 ert
1052 733 1119 799 quad

154 813 262 878 suatim,
278 815 388 866 mertare
402 815 497 869 seilicet
510 817 541 869 ci
555 833 612 872 eam
629 831 753 881 caunum,
769 819 958 884 pueruncpta
974 823 1019 868 eat.
1044 811 1119 870 orae

148 893 192 962 34,
207 896 266 951 12⁰.
291 897 336 951 vtl·
350 915 377 950 u.
392 895 434 950 16.
990 923 1001 952 c

165 1023 214 1083 19.
238 1019 273 1082 Si
290 1017 370 1084 duae
384 1043 436 1086 rea
452 1022 486 1086 in
504 1041 570 1085 uno
585 1031 736 1110 tempore
749 1019 946 1085 conveniunt
973 1029 1004 1082 et
1027 1017 1119 1086 alteri
1205 1023 1207 1032 ’

31 1173 33 1178 .
79 1100 129 1164 rei
151 1101 185 1166 id
209 1105 382 1192 proprium
405 1125 474 1169 esee
496 1107 643 1184 videtur,
674 1115 710 1170 ut
733 1105 889 1193 singulari
913 1105 1016 1168 modo
1042 1127 1118 1170 cum

78 1185 177 1251 altera
194 1191 373 1254 consociata
392 1191 433 1254 sit
450 1201 481 1254 et
496 1191 529 1255 in
553 1212 655 1255 unum
670 1190 823 1276 idemque
846 1191 1007 1276 temporie
1032 1209 1118 1276 pun-

79 1281 169 1336 ctum
197 1274 337 1353 incidat,
366 1273 445 1339 haec
465 1276 634 1361 singularis
660 1287 692 1340 et
716 1286 826 1338 exacta
856 1297 967 1339 rerum
994 1295 1117 1338 conve-

76 1355 200 1422 nientia
217 1357 315 1422 latine
330 1360 492 1424 indicatur
513 1361 673 1424 vocabulo
695 1361 861 1442 maxime,
882 1360 937 1422 ubi
959 1359 1116 1424 Germani

78 1439 343 1508 aliaexratione
386 1445 508 1526 crude,
532 1444 748 1512 edendicunt.
792 1445 844 1509 Sic
863 1455 935 1508 tum
956 1444 1115 1542 maxime,

76 1527 170 1611 quod
191 1538 239 1591 est
249 1551 337 1616 geru
359 1533 385 1594 'e
402 1529 557 1608 damula,
578 1553 667 1595 uirnc
688 1531 855 1612 maxime,
876 1551 984 1614 nuper
998 1551 1115 1610 maxe·
1227 1551 1229 1556 ·

74 1631 140 1676 me.
195 1611 309 1698 Neque
339 1615 432 1703 aliter
463 1615 554 1680 latini
581 1617 757 1702 scriptores
788 1615 926 1701 prosaici
958 1622 1116 1700 usurpant
1224 1659 1226 1672 ,

74 1695 173 1760 verba
189 1719 288 1784 queram
307 1699 473 1776 maurina,
496 1721 594 1784 quam
620 1721 687 1784 quo
711 1699 813 1763 modo
831 1699 943 1762 dicunt
965 1699 1115 1763 maxime
1201 1745 1205 1752 -

72 1782 270 1860 convenire,
299 1784 448 1849 maxime
465 1780 570 1870 fieris
601 1783 790 1850 adverbium
810 1786 900 1848 enim
922 1803 1114 1848 accommo-

73 1865 172 1929 datur
194 1867 420 1952 qualicumque
445 1869 583 1935 notioni.
630 1870 679 1934 Ne
709 1871 781 1954 quis
803 1880 913 1934 tamen
938 1863 1112 1948 existimet,

72 1961 260 2014 extremum
278 1953 436 2038 temporis
452 1965 672 2028 momentum,
697 1954 731 2016 in
759 1975 824 2039 quo
843 1955 924 2018 duae
945 1975 997 2017 res
1014 1953 1112 2015 attin-

71 2044 154 2183 gant
179 2035 338 2112 intense,
371 2035 561 2123 significari,
590 2047 625 2100 ut
647 2039 689 2101 sit
710 2037 831 2103 scheid
855 2039 927 2118 cla,
958 2037 1111 2122 exempla
1192 2033 1198 2046 ⁸

18 2177 19 2182 ,
97 2130 212 2197 occat,
235 2141 304 2184 non
320 2129 446 2184 tantum
462 2121 502 2185 de
516 2123 694 2206 repentinis
713 2132 744 2185 et
759 2122 901 2188 fortuitis
921 2122 1030 2198 rebus,
1052 2120 1111 2184 sed

71 2205 171 2268 etiam
196 2203 236 2268 de
263 2206 422 2269 continuis
446 2217 476 2268 et
499 2207 688 2280 necessariis
707 2209 869 2292 usurpari.
909 2207 1039 2270 Nomen
1063 2207 1111 2270 rei

71 2301 130 2354 aut
143 2290 310 2378 praecedit
329 2301 384 2354 aut
396 2291 566 2376 sequitur:

184 2407 260 2464 cnei.
276 2406 304 2473 Β,
317 2405 345 2474 4,
357 2405 400 2464 ue
417 2427 572 2478 quamquam
587 2409 644 2478 ipse
658 2416 714 2462 tuas
729 2409 839 2460 muriae
859 2409 963 2460 aduecta
984 2410 1047 2478 igue
1070 2427 1111 2461 re-

135 2494 245 2560 fouebat
258 2500 339 2547 artur.
371 2491 398 2558 6,
414 2493 499 2560 u‚1o.
518 2501 574 2546 tum
592 2494 702 2546 murima
714 2493 781 2546 uinci
796 2493 871 2560 ipsas.
903 2491 1110 2544 Nuacaiuairue.

138 2575 201 2628 ride
217 2593 243 2630 n.
261 2575 304 2630 13.
338 2576 418 2631 Caes.
432 2579 504 2632 Bell.
519 2577 572 2629 civ.
587 2573 613 2641 3,
627 2575 654 2628 l).
670 2593 728 2630 cum
742 2577 793 2639 tir,
812 2592 875 2644 quae
895 2591 977 2641 nuper
998 2576 1109 2628 maxime
1143 2594 1152 2614 ¹
1198 2641 1201 2650 Ι

101 2651 104 2664 ’
138 2660 305 2730 lucraverat,
323 2662 350 2713 io
363 2665 481 2732 proxima
498 2662 599 2716 Octauii
617 2667 704 2713 castra
726 2660 881 2737 irruperant.
914 2656 992 2724 Quot
1013 2656 1109 2724 displi-
1199 2706 1203 2714 f

138 2751 200 2796 ceat
212 2743 240 2794 ia
254 2743 345 2796 verbis
361 2763 444 2816 nuper
467 2747 593 2809 mariue,
609 2761 663 2796 nou
678 2742 822 2811 perspicio.
853 2741 885 2794 Ia
908 2758 942 2792 aa
965 2741 1107 2807 sententia,

139 2841 220 2892 quum
233 2826 389 2896 Heruugiue
407 2829 544 2897 concapit,
567 2825 720 2882 necessario
740 2825 911 2880 scribendum
931 2830 974 2878 ert
995 2843 1053 2878 cum
1074 2828 1108 2880 iia

140 2907 266 2971 uictima,
287 2926 348 2977 ques
365 2917 416 2964 etc.

183 3009 240 3063 Cic.
256 3009 284 3061 in
298 3010 374 3062 Vere.
389 3007 415 3076 5,
431 3011 475 3076 us,
489 3009 549 3064 142.
572 3011 734 3076 leucatium
755 3008 866 3062 maxime
881 3010 1044 3077 toqueretur,
1062 3028 1107 3064 seu

136 3095 237 3147 lictores
254 3113 311 3147 eum
329 3097 517 3150 circumsistunt
536 3093 714 3148 ualentissimi.
747 3091 775 3157 2,
796 3090 840 3156 tu,
858 3090 918 3144 lsi.
944 3109 1022 3160 quum
1043 3093 1107 3148 taen

137 3181 248 3232 moriare
263 3196 464 3247 cognoueremus
478 3187 502 3233 et
517 3181 570 3232 ium
581 3179 610 3230 ia
623 3177 741 3230 monitus
751 3176 864 3228 „aelatae
881 3176 1048 3243 munus,
1063 3195 1106 3232 re-

134 3269 210 3332 pente
221 3263 376 3330 adspicimus
390 3265 484 3318 liturae
497 3260 629 3315 eiusmodi.
1026 3258 1027 3263 ’

181 3361 237 3418 cte.
254 3363 287 3414 de
303 3363 357 3417 off.
375 3365 400 3429 l,
416 3365 458 3430 13,
473 3361 516 3417 41.
540 3363 620 3416 totius
640 3369 723 3414 autem
744 3360 889 3414 iniustitiae
906 3363 981 3413 nullu
1002 3364 1105 3432 cupito-

134 3435 200 3511 lior,
217 3463 295 3513 quum
314 3465 416 3512 eorum,
432 3451 476 3517 qui
488 3465 565 3516 quum
578 3445 688 3497 macimc
698 3445 816 3510 salluui,
834 3446 863 3497 id
882 3453 985 3514 egunt,
1004 3454 1032 3498 ut
1052 3449 1106 3502 uiri

133 3530 195 3582 leui
208 3547 260 3588 eree
274 3531 420 3584 uideuatur.
452 3531 513 3584 lriv.
528 3530 555 3596 4,
570 3529 596 3594 3,
611 3530 636 3580 1.
653 3546 730 3596 quum
752 3531 861 3582 moriare
883 3529 945 3581 llaec
965 3531 994 3580 ia
1015 3539 1105 3584 acuatu

132 3621 288 3682 egerentur,
323 3615 463 3669 Canuleius
488 3633 535 3686 pre
563 3614 675 3687 tegitur
692 3612 745 3669 suis
768 3639 801 3653 -
825 3613 866 3666 itu
896 3613 1026 3668 dissensit.
1059 3613 1104 3678 ao.

151 3835 204 3894 20.
227 3829 278 3894 Ex
300 3828 360 3893 hac
380 3827 537 3914 loquendi
558 3830 793 3900 consuetudine
818 3827 981 3916 originem
1003 3835 1105 3892 traxit

67 3914 258 3980 adverbialis
274 3913 443 4000 loquentiu,
466 3933 565 3999 quae,
586 3929 624 3982 ut
639 3917 743 3984 multa
759 3913 839 3992 alia,
861 3915 984 3980 omisso
1002 3909 1103 3975 verbo

67 3996 298 4066 conformatur
324 4011 358 4064 et
388 4020 450 4086 pso
479 3995 631 4070 adverbio
660 4004 705 4068 ita
734 3997 910 4087 accipitur,
939 4007 976 4064 ut
1005 3993 1111 4082 quani
