2812 4732
484 235 672 325 «INDR
867 228 873 244 '
952 322 954 336 ,
1078 210 1165 316 sss
1288 183 1294 188 .
1375 306 1391 315 .

39 446 44 460 ,
80 393 121 458 ld
149 415 227 459 vero
251 393 373 458 nostris
398 393 620 478 grammaticis
643 393 746 458 doctis
776 392 877 457 hodic
906 414 974 458 non
1005 402 1139 482 poterat

80 481 229 567 placere.
273 479 327 542 Im
343 481 572 543 demonstrant
590 480 678 544 enim
703 502 770 544 esse
795 479 992 545 vocabulum
1015 481 1155 548 locati-⁴
1193 522 1195 538 s
1228 516 1230 519 ·
1290 504 1306 564 J
1339 494 1344 506 '

77 588 180 642 vum,
200 569 234 630 in
248 564 477 636 cerbisoti'm,
498 562 637 636 interim
654 566 834 640 adiectum,
860 567 893 627 in
918 565 1026 632 verbis
1044 567 1137 648 inde,
1153 569 1157 589 ¹

75 651 169 717 initi
194 653 423 738 praemissum.
466 647 674 726 .Quoautem
693 653 796 715 modo
821 649 973 732 deinde.
1016 653 1137 720 erindc

52 738 56 747 '
79 738 268 824 composita
286 737 362 816 sint,
381 736 542 798 nonsatis
559 735 739 808 declarant?
772 737 854 800 Vide
869 737 957 802 Max.
979 675 1136 802 ζοὴῐηίᾶι-

74 825 166 886 tium
183 822 222 885 de
232 823 388 897 Pronom.
403 844 437 908 p.
447 824 499 882 79.
528 820 771 888 Lindemannus
789 822 975 902 deAdverb.
989 829 1021 907 2.
1039 830 1135 910 p.21.

76 908 244 993 acquievit
259 908 292 970 in
311 930 370 983 eo,
392 918 427 970 ut
442 907 565 969 diceret
585 907 623 970 in
650 907 788 972 derivari
810 907 928 971 debere
953 909 992 971 ab
1018 911 1067 989 is,
1088 909 1135 974 uti
1225 948 1227 953 ·

78 996 166 1081 quin
191 991 317 1056 sactum
343 994 384 1056 sit
411 1013 452 1056 ex
477 991 561 1078 quis.
605 993 721 1056 Athis
746 994 900 1056 omnibus
919 993 1134 1080 nihil'magis

76 1079 243 1158 efficitur,
267 1100 365 1165 quam
385 1087 423 1157 ut
442 1099 680 1168 cognoscamus
689 1102 732 1160 ‚s
760 1079 896 1152 Habui,
919 1080 986 1145 sive
1009 1081 1043 1143 in
1066 1079 1149 1144 ter?
1225 1091 1228 1097 '

76 1166 266 1229 minatione
289 1166 357 1228 sive
381 1164 414 1226 in
438 1164 689 1250 praepositionis
716 1101 923 1249 aliorumque
951 1165 1133 1231 vocabulo·
1241 1230 1244 1253 .

77 1274 159 1316 rum
178 1248 443 1313 conformatione
464 1247 625 1327 adhibite,
645 1249 936 1315 demonstrativam
959 1252 1141 1315 notionem.

79 1336 228 1423 exprimi
259 1357 397 1421 eamque
424 1333 468 1397 ¹ad
498 1333 609 1397 locum
643 1332 772 1402 referri.
826 1335 937 1415 Quare
972 1337 1010 1400 in
1038 1336 1133 1402 reddi
1320 1358 1322 1366 ’

76 1432 194 1509 ,ῃοϊεεῐ
217 1443 279 1508 per
303 1420 369 1500 dc,
394 1419 482 1483 dort.
527 1421 589 1484 Sed
609 1419 824 1506 Hartungius‚
849 1444 873 1482 n
896 1420 1041 1486 litteram
1061 1444 1132 1484 nnn

78 1508 313 1595 paragogicam
338 1527 407 1569 esse
435 1505 738 1584 demonstraturus,
766 1506 800 1568 in
822 1506 907 1569 libro
933 1505 973 1571 de
998 1507 1134 1571 Casibus
1181 1510 1202 1550 =‘

79 1618 115 1682 p.
133 1597 210 1657 228.
228 1601 398 1679 comparat
420 1586 518 1655 πόθεν
538 1602 572 1655 ‘et
589 1592 812 1676 germanicum
835 1591 914 1666 lrz'u,
938 1603 1035 1678 atque
1056 1593 1134 1680 opi-

79 1690 181 1742 natur
196 1701 219 1742 n
241 1679 307 1742 sive
322 1675 553 1763 msignilicnre
576 1686 705 1740 motum
732 1698 772 1739 ex
794 1677 904 1761 aliquo
921 1675 1012 1741 loco.
1057 1679 1133 1758 Qua
1158 1721 1160 1739 .
1312 1740 1315 1742 ,

81 1765 115 1828 in
138 1764 286 1828 doctrina
311 1764 463 1827 notiones
488 1763 667 1826 verborum
694 1763 755 1826 liin
777 1771 810 1824 et
831 1763 892 1825 laer
912 1764 1042 1828 eaedem
1062 1784 1133 1828 esse
1159 1777 1171 1796 ’·
1200 1783 1201 1786 ’

70 1847 249 1915 uidentur.
308 1840 422 1933 Neque
454 1859 646 1934 argumenta
680 1842 721 1910 ab
751 1848 935 1932 Hartungio
963 1849 1132 1935 supposita
1178 1878 1180 1883 ·
1217 1908 1219 1911 .

81 1932 271 2020 quidquam
298 1934 452 2020 probant.
503 1933 635 2020 Syllaba
666 1933 709 1997 de
741 1943 851 1996 autem
877 1956 948 1998 non
977 1935 1059 2020 ipsa
1083 1943 1133 1997 est

81 2017 290 2106 praepositio
312 2016 467 2094 traiecta,
488 2019 545 2078 sed
562 2039 628 2099 vox
649 2039 704 2095 ea,
726 2017 856 2102 quaein
876 2020 966 2083 ἔνθεν
988 2020 1145 2084 occurrit.

82 2103 204 2166 ether
234 2099 412 2186 siguificat,
453 2109 485 2162 ct
515 2103 549 2165 in
577 2100 831 2187 praepositionis
864 2125 961 2167 usum
991 2105 1131 2179 transiit.
1219 2156 1221 2167 .

82 2188 174 2252 Nam
191 2187 281 2250 ἔνθεν
297 2184 422 2269 etiamsi
437 2185 545 2259 Carol.
572 2188 676 2252 Gottl.
701 2187 902 2252 Schmidtius
922 2189 1131 2276 dePrnepo-
1164 2235 1168 2239 -

83 2272 138 2335 sit.
159 2292 266 2356 graec.
283 2293 317 2354 p.
334 2277 387 2334 23.
405 2291 446 2332 ex
464 2270 521 2334 ἔνθ
545 2271 611 2336 sive
636 2274 686 2337 tet
706 2272 996 2348 facturucenseat,
1018 2285 1132 2340 tamen

77 2379 223 2420 necesse
242 2357 302 2420 erit
320 2355 460 2419 duarum
483 2355 694 2442 syllabarum,
708 2368 826 2436 statuas
850 2357 1002 2422 stamina.
1045 2359 1132 2424 Inde
1313 2407 1332 2438 >..

83 2445 187 2528 igitur
204 2452 253 2512 est
271 2440 390 2517 dates,
407 2452 439 2503 et
454 2440 604 2527 praefixo
621 2441 775 2506 adverbio
792 2440 916 2506 deinde
933 2465 995 2508 von
1012 2443 1134 2509 delier.

84 2528 291 2614 Hartungius
308 2550 342 2611 p.
362 2532 434 2592 171.
454 2537 486 2590 et
502 2527 542 2591 de
558 2527 725 2600 Particulis
742 2549 849 2614 graec.
866 2533 896 2590 1.
919 2551 954 2614 p.
970 2531 1133 2612 275.'vno-
1326 2550 1329 2557 ⁴

85 2636 180 2679 vorac
197 2611 361 2683 mirabilia
383 2623 515 2699 captans
532 2613 647 2692 docet,
669 2611 712 2676 de
735 2635 806 2676 esse
829 2612 987 2677 suffixum
1014 2615 1135 2688 nullius,
1163 2632 1164 2638 ’

84 2698 353 2777 εἰσηίθοαῐίουίε,’
374 2699 421 2760 uti
438 2698 471 2763 in
496 2698 661 2784 qrramde,
683 2720 744 2761 nec
771 2697 906 2764 dift'e‘rre
931 2699 971 2762 ab
996 2700 1074 2764 dem
1097 2701 1133 2787 in

84 2754 187 2864 idem,
205 2783 351 2870 quidem,
375 2805 435 2846 nec
452 2783 492 2846 ab
508 2807 627 2870 graeco
645 2783 689 2847 aa.
735 2783 855 2847 Caussa
870 2807 960 2865 vero,
986 2788 1132 2872 quapro-

83 2880 157 2958 pter
172 2877 230 2932 θεν
246 2879 277 2932 et
293 2868 336 2932 de
353 2870 538 2954 comparari
556 2891 655 2955 posse
670 2878 779 2955 negat,
796 2891 932 2955 prorsus
951 2881 998 2933 est
1012 2871 1113 2934 nulla.

168 2977 195 3036 1.
212 2969 589 3048 Demonstrativanotio,
609 2969 796 3052 quaeinest‚
814 2978 872 3054 per
887 2984 1132 3051 omnemusum

85 3055 265 3144 particulae
283 3064 409 3128 manet,
432 3076 514 3139 quae
531 3053 668 3140 proprie
686 3052 726 3116 de
742 3053 818 3116 loco
832 3053 969 3133 dicitur,
985 3064 1022 3116 ut
1036 3055 1077 3117 sit
1094 3077 1135 3118 ex
1209 3055 1211 3062 ’

86 3143 145 3206 itto
164 3143 251 3221 loco,
268 3139 356 3203 unde
370 3139 577 3225 aliquid'exit
594 3138 646 3202 vel
668 3138 840 3202 emittitur:
861 3136 980 3218 daher,
998 3161 1059 3204 con
1074 3137 1137 3202 dc.

88 3229 154 3293 Nec
172 3239 284 3293 tamen
297 3229 499 3307 construitur
509 3246 584 3288 cum
594 3223 843 3312 praepositione
855 3247 888 3303 u,
898 3225 955 3299 sed
969 3246 1043 3289 cum
1056 3224 1136 3291 aliis.
1170 3285 1172 3287 ,

183 3367 277 3422 Pleut.
292 3365 420 3436 scient,
433 3365 502 3432 259.
521 3365 559 3418 cd
577 3382 660 3417 mecm
677 3363 802 3418 maiorem
812 3366 901 3433 filium
917 3355 1135 3441 invisndoinnms
1172 3401 1174 3404 ψ
1310 3424 1324 3442 ν

153 3455 175 3506 si
189 3452 251 3521 quis
265 3468 305 3502 me
320 3442 439 3518 qnnemt,
457 3451 518 3503 inde
532 3456 646 3502 vccctcte
661 3449 749 3516 uliquis
785 3450 897 3502 Terent.
911 3449 995 3502 Andr.
1007 3449 1034 3512 2,
1049 3447 1136 3514 aar.
1230 3512 1231 3515 Ἴ
1315 3449 1321 3468 ³

151 3539 234 3590 etiam
245 3552 352 3604 pomum
365 3530 424 3587 iude
438 3537 529 3587 obiens
544 3534 661 3602 campesi
678 3534 790 3588 Chremi.
817 3532 962 3602 1,1,11tt.
985 3535 1058 3586 redeo
1076 3533 1138 3585 inde
1186 3522 1188 3525 ¹

73 3626 76 3629 ’
153 3622 245 3674 iratus.
280 3616 337 3670 Cic.
355 3618 390 3670 ad
404 3619 459 3672 Au.
472 3620 517 3682 12,
534 3617 578 3672 15.
595 3635 722 3686 quumque
736 3637 813 3676 mace
827 3617 867 3672 me
881 3618 910 3670 in
924 3619 1016 3681 silvam
1029 3617 1139 3670 abstrusi

152 3707 260 3757 densam
276 3710 299 3755 et
317 3720 454 3772 ceperam,
471 3723 522 3756 acc
537 3692 597 3762 erio
614 3695 674 3755 s’irde
687 3692 748 3757 onte
763 3721 904 3773 uesperum.
936 3701 997 3758 niv.
1011 3701 1037 3766 5,
1053 3700 1097 3764 41,
1112 3696 1139 3752 6.
1155 3736 1157 3746 .

153 3791 214 3841 tude
237 3803 324 3838 rursm
345 3788 404 3856 ipsa
425 3789 561 3841 solitudine
584 3787 727 3850 absterriti.
758 3787 870 3841 Sueton.
893 3787 971 3841 (lues.
986 3786 1029 3840 st.
1054 3787 1092 3838 irc
1113 3798 1155 3837 sc‘

74 3923 76 3926 ,
155 3873 195 3924 .αά
212 3871 350 3924 exercitum
365 3871 419 3924 sice
441 3873 505 3926 duce
520 3881 545 3926 et
557 3873 618 3925 inde
632 3888 795 3924 recessurum
807 3874 843 3924 cd
856 3873 945 3926 ducem
957 3873 1012 3925 siue
1022 3870 1141 3927 exercitu.
1258 3927 1261 3935 Ἰ

161 3953 279 4020 Quintil.
293 3951 392 4021 2,11,
407 3954 434 4008 5.
460 3958 496 4010 cd
519 3959 575 4012 alia
588 3959 706 4028 deinceps
720 3964 796 4025 atque
809 3958 937 4027 ludentia
952 3976 987 3996 ...
1005 3955 1144 4007 devertunt.
1243 3969 1245 3977 ’
1317 3976 1318 3983 .

164 4038 229 4118 Isiu.
246 4041 253 4092 Ξ
267 4080 274 4104 ,
289 4035 333 4102 43,
345 4038 372 4092 2.
387 4041 475 4111 prima
489 4043 545 4097 lucc
556 4043 635 4113 siguo
645 4043 713 4097 dcto
726 4044 863 4101 multitado
874 4040 959 4115 pometa
976 4039 1005 4092 s'u
1018 4041 1082 4126 foto
1102 4036 1145 4090 ins
1162 4027 1165 4039 '
1206 4062 1209 4065 ¹
1293 4049 1295 4059 ¹
