3132 4718
778 309 918 378 INTRA.

399 489 497 545 quoqne
514 469 616 524 ridear
631 469 665 521 ai
685 467 720 520 ln
741 467 905 528 derivatam,
927 462 1002 518 neiat
1024 462 1058 515 al
1074 479 1114 516 er
1129 471 1265 531 extra,
1290 486 1309 521 n
1330 470 1384 520 snt

399 561 536 612 settara
560 557 597 606 ria
622 555 655 606 nlo
675 554 713 604 in
736 553 835 605 inter
852 557 878 604 et
903 550 1018 613 intra,
1034 549 1217 618 otrigm'ficot
1242 549 1282 606 ed
1304 551 1387 615 ἐντὸς,

400 645 468 712 qaod
483 649 519 694 nt
535 639 683 693 armam
698 639 767 707 aqmd
784 638 904 690 Gramen.

431 743 569 797 Pessimus
592 739 731 793 latinitatis
748 743 871 790 auctores
892 735 965 787 intro
984 751 1045 786 carn
1068 733 1196 788 ablativo
1223 755 1385 806 compasse·

398 833 471 884 ruat·
506 826 622 880 Collatia
638 828 730 896 legum
747 820 858 878 mosaic.
882 824 909 872 et
922 835 990 872 rora.
1010 819 1067 872 Tic
1081 818 1107 884 8,
1120 819 1147 874 5.
1165 839 1217 874 nec
1231 826 1384 890 mmm

394 918 445 980 sur
457 921 514 1000 qut,
532 914 576 980 qui
589 915 661 966 intra
672 909 799 981 ,remanda
815 905 918 975 quidem
933 906 1125 974 conprehensae
1140 915 1186 963 eet.

417 1033 579 1123 Significat
596 1035 690 1098 intra
707 1033 758 1110 id,
783 1026 871 1115 quod
889 1027 922 1089 iu
942 1025 1018 1089 loco
1035 1027 1146 1114 aliquo
1168 1027 1303 1095 finibus
1323 1036 1382 1097 cir-

333 1127 535 1207 cumscripto
561 1119 610 1182 vel
635 1121 719 1184 linea
745 1113 961 1178 determinato
990 1111 1082 1182 inest.
1126 1115 1269 1180 Nomen
1298 1119 1382 1202 quod

333 1207 463 1272 additur
485 1209 664 1271 terminum
688 1213 798 1278 notat,
834 1219 899 1261 aaa
932 1207 1061 1261 tantum
1086 1198 1216 1263 locum.
1268 1203 1319 1266 Ab
1351 1205 1381 1266 in

283 1286 292 1336 Ῐ
331 1293 431 1378 igitur
455 1290 565 1354 diflert
582 1293 715 1353 notione
743 1283 1072 1366 circumscriptionis,
1103 1297 1133 1348 et
1160 1287 1380 1373 designantur

331 1377 451 1442 limites
469 1376 517 1440 vel
533 1397 602 1456 res,
626 1398 706 1462 quae
726 1373 834 1436 locum
854 1369 1031 1432 continent.
1074 1371 1248 1436 Sententia
1277 1387 1380 1437 autem

332 1485 426 1550 saepe
449 1463 491 1526 ita
512 1472 559 1524 est
587 1467 793 1550 comparata,
813 1465 849 1519 ut
870 1457 1055 1540 comparari
1077 1457 1183 1543 qiossit
1210 1459 1328 1542 citra,
1347 1461 1379 1525 de

333 1569 399 1634 quo
422 1548 491 1614 vide
510 1551 588 1610 n-6.
1125 1571 1129 1582 ·

430 1665 492 1762 qais.
512 1665 555 1728 al,
570 1663 614 1728 24,
628 1662 654 1721 9.
679 1664 749 1718 intra
767 1679 823 1716 eam
844 1660 971 1729 (portam)
995 1667 1115 1728 antroque
1136 1661 1211 1714 latae
1233 1671 1301 1716 runt
1318 1665 1376 1718 aiae

398 1753 547 1822 Antiquam
572 1765 679 1802 carmen
703 1749 774 1816 aqud
797 1743 996 1809 Liv.1,26‚6.
1022 1747 1150 1798 unierato
1173 1747 1217 1798 sel
1241 1749 1318 1802 intra
1335 1767 1376 1817 po·

395 1824 518 1894 macriani
540 1838 580 1888 ael
598 1843 672 1896 entra
690 1833 863 1900 pomoerium:
881 1830 909 1882 ia
931 1847 984 1898 quo
1002 1829 1086 1882 miror
1106 1829 1298 1886 Niebuhriam
1322 1833 1375 1888 lati-

399 1941 433 1978 na
456 1921 510 1976 ilici
528 1919 645 1988 potuisse
664 1913 860 1970 existimantem
880 1915 951 1968 intro
969 1917 1007 1968 cel
1025 1924 1097 1969 estro
1116 1919 1295 1983 pomoerium.
1330 1921 1375 1971 l’o·

382 2007 530 2064 nucerium
540 2003 624 2058 instar
639 1999 745 2066 termini
759 2001 820 2054 fuit.
856 1998 1061 2062 vicinante,
1074 1999 1099 2064 1,
1115 1999 1140 2050 1.
1157 2002 1237 2052 nnita
1250 2005 1310 2056 inm
1323 2022 1374 2074 pcr-

396 2093 474 2147 fflea
489 2109 506 2142 ι
521 2096 627 2143 monera
646 2088 691 2150 ilio
707 2114 740 2124 -
759 2087 888 2152 maeotim
899 2086 962 2154 ipris
976 2085 1045 2138 intra
1061 2086 1159 2138 masta
1175 2091 1373 2156 comparabitur.

397 2177 433 2230 ad
456 2169 926 2240 Att.a,10.qmosontefutmt,
953 2170 1005 2222 nisi
1024 2171 1095 2234 intro
1119 2170 1239 2238 parietes
1257 2190 1329 2225 meos
1348 2175 1373 2225 do

397 2277 454 2316 naeu
474 2258 586 2326 pernicie
609 2257 715 2308 consilia
742 2257 875 2312 mirentur.
912 2271 938 2322 p.
954 2252 1047 2320 Quint.
1063 2253 1105 2317 11,
1121 2251 1330 2312 musalms.
1345 2257 1374 2310 ad

290 2397 296 2410 ,
396 2345 456 2398 Lis.
472 2339 498 2404 4,
512 2339 538 2403 9,
553 2340 576 2390 o.
595 2339 623 2394 iu
640 2341 714 2402 l'err,
729 2340 754 2404 3,
769 2338 812 2402 811,
829 2338 887 2390 201.
907 2341 975 2392 locas
989 2340 1059 2392 intra
1080 2355 1203 2393 occanum
1221 2341 1279 2394 iam
1294 2345 1373 2404 nullas

396 2437 452 2491 est,
470 2443 549 2494 neque
567 2433 619 2476 tum
635 2427 791 2494 longinquas
805 2441 883 2493 nequa
896 2431 953 2476 tum
969 2423 1131 2485 reconditus,
1149 2441 1198 2490 qao
1214 2443 1268 2474 non
1284 2453 1320 2467 -
1333 2445 1373 2478 na-

398 2522 509 2566 snorum
531 2512 661 2583 hominnm
684 2511 761 2564 libido
788 2511 955 2577 iniquitasque
970 2509 1121 2576 pervaserit.
1145 2505 1163 2558 i.
1183 2524 1208 2560 e.
1236 2509 1266 2560 iu
1299 2512 1372 2564 terris

397 2613 497 2648 oceano
520 2593 707 2658 circumdatis,
739 2593 767 2645 in
790 2602 923 2645 terrarum
945 2591 1135 2642 orbaoceano
1157 2591 1372 2663 circumscripto,

396 2695 449 2746 quo
466 2678 493 2727 iu
508 2677 566 2728 loco
584 2677 747 2744 expediendo
770 2695 823 2730 aaa
838 2692 910 2744 opus
926 2677 1059 2730 habemus
1079 2675 1235 2755 subtilitate
1259 2681 1373 2750 Sulpicii

394 2761 576 2829 Apollinaris,
602 2777 683 2827 quam
707 2761 813 2814 Gellius
834 2761 926 2815 tradit.
967 2761 1078 2820 Straton.
1097 2761 1174 2814 Gaea.
1199 2759 1246 2813 68.
1274 2776 1371 2818 sentam

285 2831 287 2842 Ι
397 2855 420 2900 et
438 2845 550 2914 triginta
565 2847 646 2898 millia
663 2847 730 2898 intra
744 2849 842 2900 uallum
860 2855 960 2915 reperta
976 2855 1043 2898 snut.
1079 2847 1149 2898 Plin.
1167 2847 1241 2900 llist.
1259 2867 1285 2901 n.
1297 2849 1371 2914 5‚1t‚

299 2979 305 2989 ,
367 2991 370 2996 ,
397 2931 439 2983 11.
456 2935 516 2981 sunt
532 2929 559 2980 in
573 2931 667 2982 honore
680 2939 705 2983 et
720 2932 788 2983 intra
801 2933 920 2984 decursas
934 2932 990 2984 Nili
1007 2933 1090 2984 malta
1107 2927 1213 3000 oppida.
1230 2933 1250 2986 i.
1267 2953 1292 2988 a.
1311 2953 1372 3004 quu-

397 3033 481 3084 usque
499 3013 576 3066 Nilus
593 3013 720 3068 decurrit.

427 3117 484 3169 cic.
509 3137 534 3184 q.
555 3116 626 3170 Sext.
648 3117 690 3182 21,
708 3115 750 3170 58.
777 3118 928 3170 Antiochum
949 3117 1171 3190 illumangnnm
1196 3123 1311 3174 maiores
1329 3141 1372 3174 na-

382 3201 489 3257 'strit-
507 3205 577 3254 intro
600 3213 709 3258 montem
736 3205 852 3258 Taurum
875 3219 985 3270 regnare
1009 3203 1144 3254 iusserunt.
1188 3204 1273 3258 Fines
1294 3205 1372 3276 regni

398 3285 631 3359 constitutiqrant
648 3297 737 3341 monte
752 3287 853 3344 Tauro.
888 3289 973 3343 Recte
997 3285 1082 3356 igitur
1107 3287 1212 3339 Gellius
1232 3287 1356 3358 interqre

320 3371 330 3395 ⁵
393 3379 481 3434 tatur:
502 3370 571 3422 intra
589 3371 733 3446 regiones,
754 3371 822 3440 quae
840 3371 926 3424 Tauri
948 3371 1047 3424 montis
1070 3369 1179 3424 obiecta
1201 3385 1371 3441 separantur.

396 3457 474 3524 Quae
490 3456 512 3508 si
528 3455 703 3508 llcetlerliuas
719 3457 750 3510 ad
767 3456 885 3524 animum
901 3475 979 3508 suum
995 3461 1157 3522 revocasset,
1175 3455 1202 3508 in'
1219 3459 1371 3512 Commeat.

396 3539 729 3610 daBrnclrylogiup.15.
753 3558 804 3592 non
829 3540 997 3610 scripsisset,
1017 3541 1104 3603 intra,
1125 3547 1153 3593 ut
1173 3559 1308 3610 graecum
1327 3563 1370 3613 qas-

396 3621 475 3690 ταξύ,
493 3626 558 3676 duos
572 3625 706 3693 genitivos
722 3624 860 3678 adiunctos
875 3627 992 3690 habere,
1011 3643 1125 3692 quorum
1147 3625 1267 3687 alterum
1290 3630 1370 3684 omit-

396 3715 484 3772 tatur,
508 3717 539 3762 ut
561 3708 587 3760 in
609 3709 699 3762 verbis
722 3709 793 3762 [sirii
815 3709 848 3774 5,
863 3707 955 3774 tm.
981 3711 1040 3762 Boii
1061 3711 1242 3778 Lingonesque
1259 3741 1293 3750 -
1321 3733 1369 3766 noa

394 3794 517 3844 Erruscos
533 3797 607 3846 modo
621 3833 628 3858 ,
647 3796 779 3848 sedetiam
793 3795 896 3848 Vmbros
909 3813 978 3864 agro
987 3795 1105 3863 peltant.-
1123 3795 1195 3846 intro
1205 3796 1369 3863 Apenninum

392 3884 481 3930 tomen
504 3887 662 3931 attenuere.
692 3877 719 3930 in
739 3878 781 3930 his
799 3877 918 3947 intelligi
940 3877 1041 3931 alteros
1061 3871 1129 3932 liner
1150 3879 1222 3930 intro
1247 3881 1326 3948 Alpes
1349 3887 1369 3932 et

393 3961 568 4031 Apenninum.
602 3961 659 4014 lais.
674 3961 725 4025 38,
741 3960 790 4025 38,
806 3962 832 4014 6.
855 3966 878 4014 ri
898 3964 943 4031 qni
964 3979 1054 4016 eorum
1075 3963 1176 4014 arbium
1198 3951 1285 4027 eines,
1305 3979 1369 4031 quae

356 4067 359 4075 *
393 4061 474 4114 regno
495 4047 647 4111 otroedunt,
673 4065 729 4100 cam
753 4063 815 4115 rege
837 4049 960 4100 Antioclro
980 4049 1104 4114 introque.
1122 4049 1193 4112 finer
1217 4049 1275 4100 cias
1294 4047 1370 4116 reg-ni

389 4137 466 4194 san,
491 4132 636 4201 Ananiam
663 4147 747 4186 omnes
772 4139 835 4201 onte
862 4131 1180 4186 caenomanensium
1226 4131 1368 4186 Walclrias
