2738 4730
215 291 281 356 220
434 310 438 319 ’
672 281 808 352 ΙΜΜΟ.

215 443 325 594 papa
348 436 442 615 effi
457 436 717 592 esnssimadvertere
743 435 906 548 debebant
925 425 1125 548 interpretes
1147 441 1271 510 Horatii

229 551 250 593 n
327 572 336 591 .
438 570 449 592 .
507 571 519 592 .

299 667 337 732 Iu
363 666 493 756 scriptis
510 663 680 730 codicibus
699 663 933 750 antiquissimis
957 665 1088 752 Virgilii
1114 667 1271 748 aliorum-

160 773 165 782 ’
218 775 283 841 que
300 754 503 842 scriptorum
527 751 647 839 legitur
665 751 789 832 imma,
812 749 976 837 duplicata
999 773 1045 816 m.
1090 752 1127 819 Id
1152 765 1271 820 testan-

214 851 271 905 tur
294 840 396 904 Aldus
421 849 453 904 et
479 837 651 902 Cellarius.
706 836 773 916 Qui
799 857 877 900 uero
897 858 963 901 una
984 835 1094 903 littera
1115 861 1152 902 m
1175 842 1271 909 scribi

214 925 405 992 maluerunt
421 926 508 1004 imo,
536 923 576 988 ad
601 923 689 986 imus
715 933 951 1008 respexerunt,
973 923 1065 1008 quud
1088 925 1202 1012 ipsum
1220 939 1270 993 tu·

215 1034 295 1077 men
323 1012 450 1076 videtur
476 1009 575 1074 etium
600 1009 762 1094 scriptum
787 1029 857 1072 esse
885 1009 1029 1087 immas,
1052 1013 1270 1096 quemadmo-

216 1099 297 1162 dum
312 1120 426 1162 sumus
447 1107 480 1168 et
493 1117 642 1160 summus
657 1095 692 1159 in
709 1115 770 1157 usu
787 1099 866 1158 e'rat.
909 1095 959 1158 Ne
975 1095 1077 1182 igitur
1091 1119 1168 1162 cum
1182 1101 1270 1164 Heu-

215 1205 340 1266 manuo
364 1185 516 1248 vitiosam
544 1180 851 1268 pronuntiationem
874 1180 1177 1272 reprehendamus,
1213 1187 1268 1253 ad-

123 1303 125 1324 1
214 1279 355 1336 monent
371 1291 433 1333 nos
452 1267 613 1334 vocabula
627 1267 764 1346 littera,
784 1267 959 1346 nummus,
982 1266 1054 1334 alia.
1142 1313 1146 1320 -

299 1411 368 1474 Hac
399 1410 452 1476 via
474 1407 515 1473 ad
548 1405 781 1488 explicandam
812 1408 1010 1494 particulam
1031 1411 1268 1498 'pervenimus

215 1496 302 1562 Nam
318 1497 423 1559 immo
433 1543 443 1576 ,
465 1494 556 1581 quod
574 1515 615 1556 ex
632 1493 774 1557 ablativo
791 1494 939 1561 adiectivi
957 1491 1079 1560 imarus
1102 1509 1269 1586 sumptum

219 1593 286 1660 est,
318 1583 457 1668 proprie
484 1579 643 1666 siguificat
668 1580 872 1644 contrarium
897 1583 984 1669 parti
1008 1585 1185 1670 superiori.
1235 1583 1268 1647 ld

216 1691 297 1732 vero
319 1665 494 1730 adhibetur
517 1667 557 1730 ad
578 1666 816 1751 designandum
839 1670 1062 1748 contrarium,
1086 1669 1180 1756 quod
1202 1691 1269 1732 non

219 1764 268 1818 est
303 1755 518 1840 conspicuum
554 1751 588 1815 in
623 1749 818 1837 superficie,
848 1753 968 1818 sedin
1001 1755 1134 1818 adversa
1167 1766 1268 1842 parte.

217 1843 331 1922 Quare
355 1839 555 1927 explicemus
583 1837 685 1902 verbo
709 1836 925 1925 umgebebrt,
947 1838 1014 1902 boe
1040 1851 1087 1904 est
1113 1861 1270 1906 conversa

216 1931 317 1991 altera
334 1937 447 2011 parte,
470 1944 552 2009 quae
575 1945 646 1990 nou
673 1925 777 1988 estin
802 1935 929 2012 aperto.
981 1925 1052 1988 Hoc
1073 1927 1270 1992 transfertur

191 2005 193 2015 ¹
214 2015 250 2080 in
268 2012 397 2076 varium
416 2030 514 2073 usum
535 2013 631 2076 unius
649 2011 802 2090 rationis,
825 2032 890 2097 qua
906 2011 942 2076 in
960 2009 1073 2098 locum
1093 2013 1270 2078 sententiae

216 2099 256 2163 ab
274 2095 376 2160 altero
419 2097 586 2184 repositae
607 2097 705 2160 aliam
727 2097 944 2178 sententiam,
968 2095 1052 2184 quae
1076 2119 1152 2162 rem
1175 2120 1270 2164 aecu-

214 2183 317 2254 ratius
347 2117 498 2254 deiciat.
536 2193 591 2248 aut
613 2183 742 2269 gravius
773 2192 941 2268 opponat,
977 2187 1033 2246 aut
1057 2185 1271 2269 ,contrarium

217 2269 382 2354 affirmet,
410 2270 535 2336 reiectis
567 2269 735 2357 prioribus
767 2263 1015 2332 substituimus.'
1065 2269 1114 2333 lta
1146 2269 1204 2350 fit,
1236 2281 1272 2334 ut

216 2359 377 2447 particula
402 2357 507 2422 modo
532 2354 694 2442 significet
717 2377 735 2420 e
760 2354 954 2437 contrario,
976 2355 1025 2419 im
1055 2354 1271 2444 Gegeutlteil,

211 2443 321 2514 ,modo
336 2444 417 2534 quin
428 2443 562 2530 potius,
585 2441 755 2506 vielmeltr.

329 2567 371 2618 Ex
388 2564 454 2631 iris,
472 2581 543 2631 quae
568 2562 642 2626 dixi,
673 2560 757 2612 facile
772 2559 955 2630 intelligitur,
980 2579 1035 2630 qno
1054 2579 1151 2616 errore
1165 2580 1272 2632 grum-

284 2649 380 2706 marici
406 2655 512 2701 mutum
533 2663 588 2698 nou
610 2661 703 2697 ornnes
724 2645 932 2712 praeceperint,
965 2646 1050 2699 immo
1066 2649 1174 2701 hebere
1196 2651 1273 2702 affir-

286 2733 380 2788 mandi
398 2734 443 2785 vel
458 2729 638 2784 confirmandi
653 2733 820 2796 potestatem
835 2734 863 2781 et
879 2728 1037 2802 significare
1044 2735 1100 2800 ju·
1123 2733 1273 2786 Sabistzins

258 2805 263 2810 ’
282 2835 310 2887 p.
325 2815 495 2870 uluuocntt
508 2817 586 2867 imma
600 2797 654 2866 noir
669 2813 834 2881 simpliciter
849 2813 1008 2882 offirmare,
1026 2817 1067 2871 uti
1082 2819 1136 2885 ja,
1156 2819 1207 2870 sed
1229 2837 1273 2872 se-

281 2901 376 2956 verius
401 2917 450 2969 pro
467 2903 601 2971 prosecta,
621 2901 654 2966 js
672 2899 847 2968 wubrbcstig.
888 2899 945 2952 Alii
966 2908 1058 2955 autem
1074 2901 1274 2970 ‘explicuerunt

173 3053 177 3059 Ι
284 2987 465 3040 verbosetur
484 2983 689 3056 prudentiores,
706 2984 735 3036 in
758 2983 857 3053 quibus
872 2976 1015 3054 Zumptius
1030 2991 1088 3054 est,
1107 2987 1274 3042 addiderunt
1353 3025 1354 3032 η

284 3072 483 3136 conditionem,
500 3070 589 3124 meins
604 3070 670 3138 quid
686 3072 740 3124 huc
753 3069 900 3140 negatione
919 3067 1057 3124 substitui.
1092 3072 1197 3126 Verum
1219 3075 1273 3129 nti-
1353 3093 1354 3104 ¹

207 3177 214 3184 ·
282 3177 337 3228 quc
352 3159 433 3212 mado
452 3158 568 3224 sensisse
582 3155 691 3220 videtur
703 3153 854 3210 Doelekius
867 3154 896 3207 in
910 3155 1063 3210 Grammut.
1079 3175 1108 3226 p.
1123 3155 1186 3211 155.

298 3313 328 3373 1.
353 3308 530 3374 Videamus
545 3330 635 3374 nunc
656 3307 799 3394 singulas
823 3307 960 3371 rationis
985 3308 1083 3374 vices.
1125 3311 1173 3375 Ac
1199 3313 1272 3400 pri·

213 3413 310 3480 mum
338 3396 519 3480 respondet
542 3417 603 3481 per
626 3395 712 3458 hanc
726 3392 931 3480 ,particulam
954 3393 999 3470 is,
1034 3395 1092 3480 qui
1123 3397 1273 3462 interro-

215 3479 307 3572 ganti
341 3479 435 3546 alteri
473 3501 609 3567 prorsus
644 3479 847 3542 contrarium
868 3477 1076 3552 ;ullirmaudo
1111 3487 1272 3570 opponit,

213 3565 479 3654 praesertimubi
495 3567 543 3647 is,
566 3566 623 3651 qui
641 3566 839 3652 interrogat,
864 3565 1022 3630 dubitavit
1040 3567 1081 3630 de
1099 3590 1145 3648 re,
1167 3587 1273 3655 quam

215 3651 298 3715 alter
321 3672 364 3714 ex
384 3651 523 3717 adversa
546 3661 642 3736 parte
664 3649 849 3718 confirmat.
906 3651 997 3715 Tum
1019 3652 1190 3718 reddimus
1224 3657 1274 3719 im

188 3803 191 3810 ,
217 3736 440 3822 Gegentbeil,
463 3759 509 3800 ara
527 3736 711 3802 contraire.
760 3735 885 3802 Eadem
910 3747 962 3808 ,est
984 3737 1171 3818 rati0„ubi
1197 3742 1274 3827 quis

215 3814 416 3908 opinionem'
436 3821 652 3888 coniectando
682 3823 857 3912 anticipat,
879 3818 1099 3888 etium'cxtra
1120 3825 1275 3900 interro·
1352 3869 1353 3918 p

209 3909 392 4000 gationem.
497 3926 503 3936 ¹

313 4027 405 4082 Plaut·
417 3992 502 4096 illpid.
520 4025 547 4092 5,
564 4026 591 4092 2,
608 4027 634 4081 1.
650 4027 728 4081 autia’
745 4027 791 4080 ille
811 4028 854 4082 bic
874 4030 952 4082 bomo
969 4029 1079 4084 ludibrio
1101 4049 1150 4086 uos
1172 4033 1277 4086 vetulas

281 4113 422 4186 decrepitas
441 4115 505 4168 duos
526 4113 624 4169 babet?
659 4129 706 4166 ss.
740 4115 821 4168 turmo
847 4115 936 4184 edepol
955 4122 990 4170 tu*
1012 4117 1116 4189 quidem
1144 4118 1277 4174 miserum
