2738 4730
112 1969 228 2034 xde

146 187 151 202 r
260 176 265 202 t
740 177 742 181 '

192 271 257 338 188
524 333 526 342 .
659 262 735 352 ,ΙΝρ

277 427 309 490 7.
329 420 374 490 Ia
390 417 598 506 praesentio
621 425 656 483 et
672 416 712 484 ia
728 417 911 506 praesenti
930 415 1087 502 omnibus
1110 418 1267 506 scripto-

190 509 283 577 ribus
299 511 443 574 usitatae
461 515 539 568 sunt
555 504 744 587 dictiones‚.
756 525 959 593 quamquem
982 504 1085 568 Hem.
1113 504 1267 593 Stepha-

129 585 147 646 Ῐ
191 608 254 662 nus
272 597 307 660 in
325 589 454 658 Pseudo
465 589 562 654 -Gia
580 611 615 678 p.
632 593 685 656 98.
710 592 753 656 ob
771 591 959 678 analogiam
976 611 1173 676 graecorum
1186 615 1267 657 ver·

192 681 315 747 borum
340 681 373 746 ἐν
394 681 438 765 τῷ
459 675 588 761 eripiare
613 699 731 742 omues
755 677 870 755 locos,
891 679 926 741 in
946 677 1065 763 quibus
1090 675 1128 741 in
1149 701 1266 764 prue-

193 769 307 833 sentio
332 765 519 843 invenerat,
539 772 713 850 suspectos
738 785 808 830 esse
827 763 1013 828 contendit.
1058 762 1159 830 Multi
1185 766 1265 830 inde

192 854 390 932 exstiterunt
407 847 612 914 defensores.
655 849 721 918 vid.
745 849 913 914 Borrichii
935 849 1088 936 Append.
1114 850 1156 914 ed
1183 853 1264 934 Cur.

190 949 281 1028 post.
311 937 431 1002 Cellar.
454 939 583 1022 0.7.0.
604 935 847 1001 8211101001).
874 935 913 1000 ad
938 935 1007 1000 Liv.
1030 940 1089 1015 33,
1116 941 1178 1016 13,
1208 943 1262 1002 18.
1294 1009 1301 1018 .

191 1023 397 1090 Schwaraius
417 1021 457 1086 ad
475 1019 556 1084 Plin.
572 1021 650 1085 Pan.
671 1025 723 1104 15,
739 1023 771 1088 5'.
791 1019 924 1086 Hechtii
945 1022 1033 1086 Diss.
1052 1019 1262 1088 deformata

192 1109 502 1199 impraesentiarum
521 1111 552 1171 9.
571 1115 604 1170 et
623 1111 673 1172 10.
717 1107 838 1172 Caesar
857 1105 922 1172 una
947 1105 1011 1172 hac
1032 1105 1145 1172 forma
1165 1131 1261 1174 sem-

189 1219 251 1286 per
268 1189 317 1281 est
333 1216 433 1269 usus,
451 1193 562 1258 Livius
580 1213 751 1290 persaepe.
772 1193 839 1258 rid.
856 1193 1028 1258 Drakenb.
1045 1194 1086 1258 ad
1102 1199 1135 1274 2,
1152 1197 1208 1273 44,
1225 1201 1259 1261 2.

190 1281 281 1348 etad
299 1285 330 1360 8,
346 1285 377 1359 7,
391 1285 445 1346 22.
491 1278 717 1364 Opinionem,
735 1303 753 1344 a
772 1279 880 1344 Nauto
898 1279 940 1344 ad
965 1279 1080 1346 Senec.
1104 1279 1145 1343 de
1170 1283 1259 1346 Pro-

188 1367 256 1434 rid.
277 1374 305 1432 1.
322 1376 354 1430 et
369 1390 387 1432 a
404 1367 533 1429 Cruceo
551 1365 782 1452 propositam,
803 1366 1054 1452 inpraesentia
1071 1387 1141 1430 esse
1159 1387 1257 1431 accu-

187 1454 342 1531 sativum,
356 1449 497 1518 refutavi
513 1451 580 1513 iam
596 1451 630 1514 iu
646 1451 735 1515 notis
753 1451 794 1515 ad
812 1453 961 1518 Gronov.
974 1449 1113 1529 Elench.
1132 1475 1167 1539 p.
1177 1458 1254 1518 261.

121 1561 126 1573 ·
186 1543 375 1606 Assentitur
388 1521 609 1602 Doederlinus
629 1535 662 1600 in
682 1536 875 1626 Synonym.
897 1538 941 1603 T.
962 1545 991 1602 1.
1016 1561 1049 1626 p.
1068 1539 1140 1603 141.
1187 1539 1255 1604 Sed

113 1685 114 1691 ,
188 1625 229 1690 de
253 1623 443 1689 discrimine
466 1620 647 1688 verborum
671 1623 710 1688 in
732 1621 911 1710 praesenti
932 1633 966 1690 et
987 1623 1026 1688 irc
1048 1625 1257 1712 praesentia

184 1719 319 1776 ‘exstant
338 1711 486 1775 virorum
506 1707 686 1773 doctorum
702 1710 883 1776 sententiae
899 1715 1038 1797 prorsus
1056 1711 1257 1777 contrariae.

188 1796 449 1882 Oudendorpius
469 1795 558 1870 enim
575 1793 616 1858 ad
632 1795 701 1859 Cio.
721 1794 762 1859 de
778 1795 848 1860 inv.
868 1801 905 1876 1,
924 1801 975 1860 17.
999 1817 1103 1882 quum
1122 1797 1254 1862 codices

185 1883 380 2032 saepissime
403 1881 591 1968 discrepare
614 1879 766 1957 vidisset,
789 1881 940 1967 regulam
962 1881 1041 1948 fecit
1064 1881 1171 1946 hanc:
1196 1882 1255 1947 ubi

270 1969 423 2042 ominum
441 1977 601 2047 etrerpm
623 1967 813 2054 praesentia
836 1987 949 2049 sermo
973 1970 1034 2050 sit,
1058 1967 1161 2034 latine
1187 1969 1253 2034 dici

185 2053 451 2140 inpraesentia,
473 2051 530 2117 ubi
547 2062 658 2117 autem
675 2052 716 2118 de
731 2062 897 2141 tempore,
917 2053 1071 2153 usurpari
1090 2053 1129 2119 ia
1141 2077 1254 2142 proe-

117 2175 118 2178 ¹
184 2139 286 2205 senti.
338 2139 467 2203 Contra
499 2159 579 2202 vero
604 2137 825 2204 Doederlinus
847 2140 964 2222 docet,
987 2164 1026 2204 za
1072 2143 1253 2207 merentia

153 2261 156 2268 ·
184 2225 226 2290 de
242 2236 400 2312 tempore
414 2225 581 2311 praesenti
597 2223 679 2308 dici,
699 2225 762 2288 ltoc
777 2236 954 2313 tempore,
969 2225 1009 2290 in
1051 2249 1102 2290 em
1145 2249 1253 2316 egen·

183 2305 360 2398 wirtige'n
375 2309 606 2398 Augenbliclr‚
628 2310 687 2375 sed
704 2311 811 2376 verbis
827 2312 865 2402 iri
881 2312 1066 2398 praesenti
1086 2335 1103 2377 a
1132 2313 1252 2380 haere-

99 2402 111 2424 '
182 2421 220 2464 re
238 2400 419 2463 notionem.
432 2395 632 2462 conditionis
658 2415 773 2462 rerum
793 2399 861 2463 sive
888 2399 1179 2474 circumstantiae,
1209 2401 1250 2464 ia

182 2485 245 2549 hoc
261 2495 430 2570 tempore,
457 2495 558 2558 trater
571 2485 864 2572 gegenwc‘trtigen
882 2481 924 2546 V
919 2483 1115 2550 mstctrtden.
1145 2487 1251 2550 Wol-

181 2567 244 2634 fius
270 2570 312 2633 ad
330 2571 398 2633 Cic.
413 2568 526 2632 Tuscu
538 2575 566 2644 1,
583 2574 621 2646 7,
640 2571 689 2632 14.
710 2570 750 2634 de
776 2571 905 2635 ratione
929 2571 1074 2657 quadam
1097 2571 1251 2658 loquitur

181 2655 372 2734 recondita,
405 2673 507 2738 quam
529 2663 639 2723 tamen
664 2675 764 2718 more
786 2673 848 2720 suo
878 2677 948 2720 non
973 2657 1127 2744 exponit.
1178 2659 1249 2722 Nos

180 2758 434 2838 percenseamus
455 2737 594 2822 singula.
635 2737 782 2804 Nomina
791 2743 999 2826 praecentio
1025 2753 1059 2806 et
1073 2765 1249 2830 praesens

126 2841 129 2846 '
173 2835 216 2890 ‘rn
241 2824 302 2888 hac
329 2822 475 2890 dictione
499 2823 582 2886 nihil
606 2822 781 2889 differunt:
804 2849 883 2890 nam
909 2827 1000 2914 quod
1024 2829 1249 2898 Doederlinus

180 2921 320 2989 monet,
360 2909 514 2974 alterumx
540 2908 702 2974 abstracta
727 2912 869 2976 notione
900 2924 1070 2994 constare,
1101 2915 1248 2982 alterum

180 3007 356 3075 concreta,
376 2995 507 3061 minimi
528 3005 577 3060 est
600 2998 780 3080 momenti,
804 2999 965 3085 quoniam
987 3022 1154 3086 proeaees
1180 3026 1247 3090 pro

179 3083 383 3150 substantivo
403 3082 552 3170 positum
569 3081 765 3168 abstractum
781 3083 815 3148 in
833 3107 868 3150 se
883 3084 984 3150 habet
999 3088 1189 3167 notionem,
1213 3100 1248 3154 et

173 3170 380 3256 praesentia
407 3168 644 3255 complectitur
670 3193 722 3236 res
749 3180 948 3258 praesentes.
1010 3172 1129 3260 Neque
1158 3175 1246 3240 illud

180 3276 295 3318 verum
321 3265 388 3332 est,
409 3254 508 3338 quod
533 3253 696 3336 traditur,
718 3255 756 3320 ira
777 3257 959 3343 praesenti
979 3259 1067 3346 apud
1092 3253 1245 3360 optimos

178 3341 358 3426 scriptores
375 3360 541 3402 annexam
559 3337 682 3405 habere
696 3341 869 3408 notionem
886 3337 1001 3408 ieram
1024 3345 1244 3411 conditiona-

176 3424 264 3504 lem,
287 3445 355 3488 non
371 3425 410 3489 ia
424 3425 637 3510 praesentia.
660 3427 751 3494 aiv.
777 3429 830 3502 45,
852 3433 976 3508 28,17.
998 3431 1086 3496 sotis
1102 3431 1244 3519 quidem

77 3572 81 3578 .
177 3523 212 3576 et
229 3521 310 3576 trane
324 3509 578 3596 inpraesentia
595 3513 775 3600 castigato
791 3514 857 3579 itta
881 3515 1014 3602 legatio
1044 3529 1140 3595 erat,
1164 3541 1244 3582 cum

178 3608 254 3662 tom
269 3597 363 3662 tristi
376 3618 537 3682 responso
559 3607 667 3661 aestro
678 3598 841 3682 dimissa.
886 3601 983 3678 Vsus,
1005 3603 1061 3690 qui
1077 3601 1243 3672 informa

127 3687 130 3694 '
177 3681 432 3769 inpraesentia
448 3679 658 3768 frequentior
682 3695 749 3767 est,
772 3695 805 3749 ct
827 3685 912 3750 ratio
936 3687 977 3754 ad
1001 3699 1145 3776 quatuor
1173 3712 1242 3760 no-

154 3799 157 3808 *
177 3770 270 3834 mina
286 3765 407 3848 referri
423 3777 545 3854 potest.
588 3768 739 3836 Primum
757 3771 878 3838 dicitur
896 3771 937 3838 de
959 3783 1116 3862 tempore
1138 3798 1241 3863 prae·-
1259 3823 1262 3831 -

144 3922 146 3926 ,
175 3856 280 3936 senti,
313 3863 350 3917 ut
364 3853 407 3916 sit
426 3855 679 3941 leoctempcre,
701 3879 791 3924 ncnc
814 3856 981 3938 absolute,
1004 3871 1037 3925 et
1058 3881 1241 3948 opponan-

140 3945 141 3950 ’
174 3950 348 4027 turpost,
371 3939 574 4025 postmodo,
607 3939 743 4008 deinde.
792 3943 826 4012 ,Τ
829 3951 884 4008 um
914 3953 1047 4035 tempus
1079 3968 1247 4034 praeseus¹

175 4025 358 4109 secluditur
381 4025 444 4102 ita,
476 4038 513 4088 ut
528 4025 576 4090 ‘ab
602 4029 762 4093 continuo
786 4039 842 4094 ant
862 4029 978 4096 futuro
1001 4041 1157 4120 tempore
1182 4033 1240 4097 di·

158 4113 360 4200 stinguatur
374 4120 407 4176 et
426 4111 661 4198 restringatur,
682 4115 774 4202 quod
790 4117 948 4184 Germani
967 4117 1150 4206 loquuntur
1176 4141 1239 4186 aer
