2738 4730
496 335 500 345 ,
585 293 644 364 ΙΝ.
903 375 906 384 ,
1079 301 1147 374 275

106 439 108 442 ’
155 452 300 512 retentatur
314 453 343 506 iu
360 451 473 524 papiriis.
507 449 544 504 At
560 445 720 520 Madvigius
742 455 828 522 negat
850 419 905 506 ilici
928 456 1141 522 ponerentur
1188 427 1190 434 Ι

156 541 190 609 ab
205 539 333 591 institutis
347 539 441 608 populi
462 540 491 602 ct
504 535 577 602 qnod
594 535 668 588 idem
681 537 719 591 sit
731 539 759 591 ic
774 539 910 592 institutit.
944 539 1073 598 Attamen
1085 543 1140 599 boc

156 629 262 695 potest:
284 639 347 677 num
362 622 430 678 scita
442 621 496 676 illu
508 628 642 691 apparent
657 623 741 677 ettam
759 622 790 677 in
806 621 938 692 institutis
954 631 983 679 et
993 625 1128 696 legibue..
1146 675 1150 684 .

67 783 71 792 *
171 765 225 828 41.
250 762 314 828 Sed
330 759 385 825 hic
402 780 538 846 campus
557 758 657 824 latior
673 769 772 846 patet.
817 759 903 826 Nam
919 781 1023 849 quum
1039 785 1142 852 quae·

88 870 298 936 cumquotus
314 847 402 934 facta
418 847 452 910 in
471 846 582 932 aliquo
597 844 675 909 loco
693 845 897 934 atiquavare
922 849 1143 937 conspiciatur

62 946 119 1004 „et
143 936 178 1000 in
203 959 240 1001 ea
265 941 439 1024 appareat,
467 932 558 996 nulla
581 930 652 996 fere
676 943 726 1001 cet
753 932 838 996 ratio
862 932 909 997 rei
918 981 929 1016 ,
954 953 958 959 “
984 955 1045 1002 nac
1072 959 1143 1006 non

85 1021 195 1110 possit
213 1021 275 1086 bac
294 1019 431 1084 notione
453 1018 502 1082 rei
519 1005 770 1106 comprehendi.
814 1017 862 1083 lta
883 958 1003 1086 sedulis
1027 1045 1143 1110 gram·-

85 1107 218 1180 malicie
242 1105 417 1192 multiplex
442 1106 613 1190 negotium
639 1114 898 1192 eratparetum,
919 1115 957 1170 ut
982 1106 1144 1176 docerent

84 1195 124 1258 in
150 1215 215 1281 pro
239 1193 309 1258 aliis
335 1188 636 1278 praepositionibus
659 1213 702 1265 c,
727 1211 820 1267 cnm,
852 1202 993 1276 contra,
1015 1192 1078 1274 de,
1101 1219 1143 1263 cx
1227 1215 1229 1224 ’

81 1281 191 1366 poni,
224 1277 372 1363 adeoque
403 1297 516 1342 earum
542 1273 816 1363 significationem
843 1278 879 1342 in
916 1300 958 1342 se
983 1281 1144 1380 recipcre.

71 1367 141 1430 .Sic
165 1364 414 1442 demonstrant,
440 1362 497 1426 ubi
519 1361 593 1426 sinc
615 1362 807 1448 oppositum
827 1361 957 1446 vident,
978 1365 1017 1430 in
1037 1369 1143 1453 signi-

61 1450 184 1516 'ficarc
202 1474 296 1526 cum,
319 1448 422 1513 veluti
437 1447 524 1536 apud
546 1447 679 1512 Celsum
704 1449 742 1528 4,
762 1455 794 1513 2.
816 1450 854 1513 bi
876 1472 992 1515 omnes
1008 1450 1144 1520 dolores
1162 1493 1181 1510 .-

82 1535 190 1601 modo
214 1538 252 1601 in
272 1533 385 1626 febre,
416 1533 518 1598 modo
540 1534 614 1598 ciue
638 1533 705 1597 hec
728 1544 825 1620 aunt„
857 1534 965 1600 Nemo
988 1547 1143 1608 tamena
1187 1611 1193 1621 ,

81 1623 183 1688 nobis
214 1623 247 1688 id
272 1619 473 1710 postulabit,
501 1627 539 1684 ut
563 1641 680 1684 omnes
707 1616 766 1684 has
790 1619 967 1706 opiniones
991 1645 1144 1692 commc-

79 1731 259 1774 moremus
276 1719 374 1794 atque
397 1705 592 1772 refutemus.
637 1706 799 1793 Principia
822 1716 935 1772 tenere
956 1710 1056 1774 satius
1072 1715 1143 1780 est.

27 1791 31 1798 “
80 1795 277 1884 Scriptores
293 1805 422 1872 autem,
447 1795 503 1880 qui
526 1793 566 1856 dc
589 1790 688 1856 rebus
711 1794 898 1860 communis
921 1793 1007 1860 vitae
1030 1807 1145 1883 agunt,
1219 1801 1224 1810 '

81 1893 140 1945 aut
167 1883 228 1968 qui
252 1882 322 1966 ipsi
339 1879 465 1964 vulgari
488 1879 636 1944 sermoni
665 1899 723 1944 sua
750 1877 850 1944 verba
879 1882 1144 1964 accommodant,

79 1968 215 2032 mirum
249 1967 284 2029 in
316 1963 704 2051 modum‘frequcntant
736 1961 825 2029 hanc
853 1967 1144 2056 praepositionem.

77 2053 181 2119 Idem
199 2051 348 2116 videmus
368 2049 456 2137 apud
475 2049 555 2113 alios
570 2049 716 2138 populos
732 2048 816 2115 ficri.

193 2169 291 2223 Celsus
315 2169 347 2235 4,
370 2169 402 2235 2,
427 2167 453 2224 4.
478 2171 542 2223 baec
564 2171 653 2223 omnia
677 2165 799 2236 κορύζας
818 2170 993 2242 Hippocraten
1019 2175 1144 2232 nominat.

149 2255 235 2312 Nunc
249 2257 321 2308 video
335 2257 407 2325 apud
424 2257 537 2308 Graecos
550 2256 579 2308 ia
593 2247 741 2325 gravedine
754 2257 801 2308 bor
814 2272 906 2309 nomeu
918 2256 1027 2312 armet.

188 2357 313 2412 criticae
328 2359 397 2412 artic
419 2359 575 2426 exemplum
595 2357 669 2410 haud
692 2355 836 2426 probabile
857 2373 874 2410 n
895 2357 970 2413 nsit
992 2358 1091 2416 tronto
1109 2362 1169 2431 nd,

149 2443 248 2497 Lucil.
263 2444 368 2497 Actnae
383 2444 427 2497 2⁰.
445 2443 599 2496 exhibitum
615 2441 746 2516 viqlemne.
781 2441 835 2492 Ille
853 2445 883 2493 ut
898 2423 1098 2502 lemonsnuet
1116 2448 1148 2502 itt

149 2527 319 2599 significare
331 2549 398 2600 pro,
419 2529 514 2582 attulit
533 2527 632 2599 Virgil-
646 2528 714 2582 Aen.
729 2523 835 2594 1,116.
860 2525 895 2578 dc
916 2545 970 2598 quo
993 2529 1054 2584 loco
1074 2529 1148 2585 «11ιί-
1197 2559 1201 2570 =

147 2633 218 2670 mne
237 2633 265 2684 p.
286 2614 347 2667 212.
366 2619 394 2667 et
417 2613 497 2669 Ouid.
514 2615 582 2666 Met.
601 2611 634 2677 5,
652 2611 696 2665 81.
720 2611 769 2686 ttlti
785 2611 915 2666 omissum
928 2613 1094 2668 vocabulum
1106 2616 1148 2668 ia·

149 2709 264 2773 gentem
281 2717 390 2754 omnem
405 2717 465 2753 rem
481 2700 589 2764 turbat,
610 2701 637 2750 ct
651 2695 762 2752 linotet.
779 2693 805 2763 5,
820 2695 899 2752 13111.
915 2699 1049 2754 tentabant
1068 2699 1148 2756 etium

149 2795 252 2840 tauros
270 2786 300 2837 in
315 2803 419 2839 munere
434 2785 501 2840 tettt.
521 2784 607 2837 verbu
622 2783 657 2836 nb
673 2782 727 2836 boc
748 2782 904 2853 eign'dicntn
917 2784 1028 2852 prorsutl
1047 2785 1149 2841 aliene.

146 2868 262 2924 Lucilii
276 2875 368 2922 nutem
382 2871 469 2923 verbu
485 2877 636 2942 epmuutoc
648 2869 676 2920 in
690 2869 784 2921 semine
800 2869 902 2922 &ntem
922 2876 970 2924 unt
988 2869 1149 2941 accipienda

147 2962 217 3013 eunt
233 2969 286 3022 pro
302 2939 531 3018 intaminatione,
550 2951 784 3008 subscribendum
800 2953 828 3007 in
849 2954 967 3018 semina,
986 2954 1058 3026 qnotl
1070 2955 1149 3010 taco-

145 3044 204 3097 bus
222 3039 352 3106 ineptum
366 3044 464 3092 censet
499 3037 643 3108 Significat
657 3053 725 3090 vero
740 3041 770 3090 nt
783 3043 865 3090 casmt
878 3038 987 3093 remica.

162 3199 224 3262 42.
253 3190 324 3274 Qui
343 3191 610 3258 omniamisccre
629 3189 757 3265 solent,
780 3187 984 3256 Mnnckerus
1007 3199 1040 3256 et
1062 3193 1151 3259 Bur·

74 3305 228 3348 mannus
252 3279 433 3344 Graevium
451 3278 492 3343 ad
519 3277 634 3342 lustin.
655 3283 717 3353 89,
732 3281 770 3350 2,
784 3280 820 3346 ,5.
844 3278 992 3362 sequuti,
1017 3289 1152 3345 censent

75 3369 205 3520 lipsi
229 3387 283 3515 εἴ.
297 3365 572 3517 101ῗέῗῖῑὲ
595 3359 905 3514 bilibit
929 3361 1174 3518 libelli}

79 3474 402 3622 ossbbnbucapitbm.
418 3495 477 3601 'ti
485 3557 552 3622 quc
564 3471 666 3600 rbodo
680 3533 738 3596 illa
755 3495 860 3598 verba,
870 3493 1058 3622 acbipicnda
1073 3527 1152 3618 sint,

80 3630 240 3698 diximus
266 3642 367 3709 supra
388 3645 422 3709 p.
440 3623 516 3687 251.
567 3619 668 3701 Quod
685 3639 764 3684 vero
779 3619 904 3706 legitur,
922 3619 1010 3708 apud
1037 3621 1153 3688 Sencc.
1245 3625 1250 3634 '

79 3716 204 3802 Agam.
224 3711 306 3776 878.
329 3712 460 3774 mentm
477 3709 514 3772 in
529 3704 753 3788 uuroueteris
768 3705 937 3770 Assaraci
956 3707 1099 3777 trabunt
1121 3717 1155 3773 ct
1220 3735 1227 3742 ·

78 3803 213 3866 iterum
258 3794 546 3892 apnd‘Ammien.
572 3791 676 3856 Marc.
702 3795 763 3870 26,
785 3791 817 3854 4.
853 3792 1041 3858 brumarium
1068 3814 1155 3868 san·

75 3888 234 3976 guinem
264 3901 304 3942 m
324 3877 452 3944 ossibus
476 3877 630 3966 capitum
654 3876 746 3942 cavia
768 3873 917 3941 bibentes
941 3877 1089 3944 avidius.
1122 3887 1156 3941 ct
1231 3933 1235 3936 .
1274 3865 1276 3870 ⁸

78 3973 176 4059 quod
203 3967 332 4034 Graeci
357 3965 471 4030 dicunt
494 3967 527 4030 ἐν
553 3963 654 4048 κέρατι
675 3961 789 4060 πίνειν.
804 3957 841 4025 ct'
860 3963 894 4028 ἐν
915 3959 1035 4048 trouva
1056 3963 1156 4027 πίνειν

79 4055 229 4124 Authol'.
252 4056 290 4131 2,
310 4054 363 4131 34,
385 4052 416 4115 4.
440 4049 473 4114 id
494 4051 591 4114 aliam
607 4047 707 4113 habet
728 4057 904 4113 rationem.
937 4027 1156 4134 intelligimus

77 4147 218 4236 vinum,
247 4137 346 4225 qnod
359 4139 394 4205 in
410 4136 515 4216 aurcis
530 4135 661 4226 poculis
683 4133 996 4286 “t'ss'bfflrmmi
1008 4135 1156 4222 loquun-
