3132 4718
332 285 397 352 too
788 277 939 346 INTER.

361 439 368 451 ⁴
438 433 551 492 Sallust.
567 432 626 488 cat.
641 429 692 500 48,
707 431 734 486 d.
758 432 827 486 inter
842 436 906 488 iraee
925 437 1022 502 parata
1041 437 1121 503 atpae
1141 430 1258 488 decreta
1282 435 1407 505 cetego

406 537 506 592 semper
523 521 678 590 querebatur
697 520 729 572 de
749 518 861 589 ignavia
880 519 1017 571 sociorum.
1053 517 1145 572 Tacit.
1161 518 1241 572 Hist.
1261 520 1293 586 2,
1309 520 1356 573 23.
1373 540 1407 574 re·

410 603 456 660 tito
474 605 606 675 prosperis
624 605 734 656 incertae
750 611 779 664 et
794 605 862 656 inter
884 601 997 656 adoeria
1017 604 1113 656 melior,
1146 601 1173 666 ὅ,
1190 603 1221 666 4,
1242 603 1274 670 ιἰ,
1291 603 1339 657 4⁰.
1358 623 1409 657 atos

410 699 546 758 atramque
564 690 699 742 canitiem
721 698 886 758 aspernatus,
911 689 979 756 qood
997 688 1064 741 inter
1086 689 1218 758 ancipitia
1239 691 1409 742 detminata

412 781 468 838 ert,
485 775 548 824 dam
567 774 654 826 inedia
669 773 790 844 seqnitur.
825 761 1012 837 Ann.11,tt.‘
1033 781 1111 832 tanta
1131 775 1203 825 inter
1227 783 1356 828 extrema
1372 792 1409 827 oe·

409 857 502 928 pertin
517 859 625 927 agebat.
659 857 702 923 11,
717 858 743 910 8.
769 859 839 911 ioter
853 859 984 930 Goaargit
996 859 1121 929 pleraque
1135 875 1221 911 saeva
1242 887 1283 899 ·-
1304 861 1409 914 accioere

410 943 572 996 Bardonem.
606 941 656 995 nbi
671 943 808 1000 Watther.

428 1069 482 1130 88.
502 1063 637 1132 Tacitus
652 1065 818 1130 brevitatis
835 1065 963 1148 studio,
986 1074 1023 1129 ut
1047 1063 1284 1140 unoynomine
1308 1085 1409 1128 enun-

344 1148 518 1216 tiationem
538 1151 754 1238 temporalem
772 1151 1088 1240 comprehenderet,
1108 1150 1194 1216 adeo
1223 1150 1269 1216 ad
1296 1172 1407 1239 perso·

266 1303 269 1308 ,
345 1255 404 1300 nac
420 1234 507 1334 banc
525 1237 689 1302 rationem
707 1235 856 1303 contulit.

346 1385 351 1390 ·
450 1355 540 1410 Tacit.
559 1357 626 1410 dnn.
639 1356 683 1421 11,
700 1355 743 1408 lo.
760 1373 821 1408 nece
835 1355 972 1408 Bardanie
986 1355 1107 1408 tardatne
1120 1354 1295 1416 Parthorum
1310 1372 1352 1408 rer
1369 1353 1404 1404 ia-

412 1447 453 1494 ter
475 1442 626 1510 ambiguos,
650 1441 708 1509 aab
732 1441 762 1494 in
777 1457 890 1510 regnum
912 1441 1082 1508 acciperetur.
1108 1436 1126 1491 i.
1150 1455 1176 1491 e.
1207 1457 1302 1508 quam
1326 1446 1404 1492 essent

416 1523 560 1594 ambigui„
584 1527 651 1595 dgr.
668 1525 712 1580 32.
729 1543 817 1578 seram
834 1525 947 1577 wionius
961 1525 1026 1576 inter
1040 1525 1107 1576 oraio
1118 1532 1245 1592 parentes
1268 1533 1296 1578 et
1319 1526 1403 1576 totam

415 1609 572 1677 imperantes
586 1628 670 1680 aegra
687 1611 820 1680 mancipia
833 1617 858 1662 et
873 1608 1061 1662 discordantia.
1097 1607 1172 1661 uice
1185 1607 1216 1672 l,
1233 1608 1262 1663 1.
1285 1610 1328 1663 ita
1345 1626 1400 1662 nee·

416 1693 467 1748 tris
482 1679 546 1747 carie
558 1696 716 1766 posteritatis
728 1697 795 1748 inter
809 1695 922 1762 infensos
940 1695 980 1746 oet
995 1692 1122 1746 obnoxios.

332 1811 338 1827 ‘
434 1819 491 1882 34:
509 1815 602 1896 Quae
618 1815 659 1881 de
673 1815 790 1880 mediis
809 1805 905 1878 rebus
923 1824 1016 1879 antea
1040 1785 1306 1896 declaravimus,
1324 1837 1360 1878 ea
1374 1835 1403 1876 se

353 1897 503 1965 offerunt
526 1904 624 1966 etiam
645 1905 679 1966 in
700 1901 918 1988 temporibus.
958 1901 1045 1964 Nom
1067 1900 1128 1974 hac
1153 1901 1401 1986 praepositione

325 2049 330 2056 ,
353 1983 473 2050 dicitur
495 1987 641 2050 medium
666 1997 798 2073 tempus
814 1986 899 2050 intra
923 1984 1006 2048 duos
1022 1985 1182 2050 terminos
1207 1983 1400 2059 cohibitam,

266 2115 276 2138 .
352 2077 386 2134 et
398 2092 450 2135 res
468 2070 555 2134 inter
573 2071 652 2136 duas
670 2071 747 2136 olias
765 2092 817 2136 res
835 2071 1054 2136 intercedens.

375 2249 380 2274 ἱ
456 2188 598 2242 colomelt.
612 2189 639 2256 5,
655 2189 698 2255 18,
715 2189 758 2244 lt.
777 2192 825 2245 troc
841 2199 901 2244 ante
915 2192 1016 2244 calend.
1033 2191 1143 2243 martias
1155 2193 1245 2257 facito
1266 2192 1313 2245 oei
1332 2191 1400 2244 dia·

422 2273 501 2413 :ugo
518 2291 601 2382 nonae
625 2284 649 2330 et
666 2277 726 2330 idat
745 2277 864 2330 martios.
898 2277 940 2328 De
956 2278 1018 2329 loco
1039 2274 1113 2328 Livii
1135 2274 1187 2340 88,
1206 2275 1260 2341 86,
1287 2273 1317 2328 4.
1347 2273 1401 2328 vito

320 2523 322 2530 s
459 2459 517 2513 cic.
531 2459 608 2514 Vere.
621 2459 648 2528 2,
663 2459 707 2529 58,
721 2461 782 2516 180.
799 2463 846 2532 irae
867 2461 892 2515 ri
913 2462 1011 2516 Romae
1025 2462 1089 2530 fieri
1108 2469 1210 2532 posset,
1231 2467 1303 2515 certe
1324 2461 1403 2529 olion

357 2587 361 2610 ,
424 2545 704 2616 cnuneapognomt
720 2549 780 2612 iote‚=
792 2555 821 2600 at
834 2548 890 2599 dieo
906 2547 982 2599 xit·
990 2541 1056 2600 inter
1065 2546 1137 2597 bicor
1153 2546 1230 2598 iudea
1251 2547 1404 2606 tollerentur,

424 2647 474 2700 per
486 2645 547 2702 qnos
561 2631 628 2681 roias
647 2630 771 2684 indiciam
777 2631 844 2698 fieri
855 2639 946 2700 posset.
981 2631 1042 2685 civ.
1060 2631 1085 2696 1,
1102 2629 1128 2696 3,
1145 2626 1173 2680 4.
1190 2630 1259 2682 inter
1275 2631 1405 2682 Ιιαυὴίιω
1441 2673 1442 2688 ,

425 2719 452 2766 et
475 2712 569 2810 :titane
584 2712 707 2783 Longam
727 2716 852 2767 coloniam
874 2715 1013 2770 deductam
1036 2717 1150 2786 triginta
1164 2719 1254 2784 same
1274 2715 1406 2780 Mum
1441 2733 1442 2796 j

425 2813 496 2849 mmo.
741 2801 743 2813 '
887 2827 888 2837 ¹
1334 2816 1339 2824 '

364 2919 366 2928 '
443 2918 497 2984 85.
512 2909 707 2984 Distantiain
722 2921 883 3009 temporis
898 2921 1112 2989 recentissimi
1124 2903 1307 3005 scriptores
1317 2917 1407 2982 etiam

292 3003 296 3010 ⁴
359 3024 420 3095 per
434 3001 584 3069 voculam
611 3002 701 3070 inter
725 3021 980 3097 expresserunt,
1003 3008 1092 3072 haud
1110 3003 1278 3095 probabili
1302 3003 1408 3068 modo.

364 3089 574 3156 Obscuritato
589 3091 677 3154 enim
693 3090 910 3159 offendimur.

383 3255 395 3268 .,
472 3207 597 3262 scribon.
610 3207 670 3262 159.
689 3211 713 3263 ei
727 3209 789 3282 potii
798 3221 839 3266 ter
852 3213 881 3266 in
898 3231 982 3266 inem
997 3212 1067 3266 inter
1080 3213 1158 3265 denos
1172 3210 1227 3264 dies
1242 3197 1307 3265 ’ωηο
1320 3212 1407 3278 fcerit,

429 3293 460 3346 in
472 3300 544 3346 noae
558 3310 611 3345 non
626 3293 814 3352 totcrntaran.
831 3299 885 3352 boo
895 3305 945 3364 est,
963 3295 1060 3368 quovis
1075 3295 1182 3349 decimo
1196 3294 1253 3360 dic,
1268 3296 1408 3350 turenclle

431 3375 531 3429 denam
545 3375 660 3430 dierum.
1001 3390 1005 3400 “
1251 3387 1254 3398 “

446 3502 500 3562 86.
524 3497 623 3578 Quod
647 3519 716 3574 uno
740 3501 901 3566 vocabulo
925 3503 1059 3568 intereo
1085 3502 1274 3577 dicebatur,
1299 3511 1407 3566 aucto·

364 3603 417 3650 res
433 3582 599 3649 inferioris
622 3583 790 3648 latinitatis
815 3589 854 3652 ab
876 3586 1013 3673 Augusti
1031 3590 1240 3676 temporibus
1266 3588 1407 3652 dicebant

269 3734 273 3748 ,
338 3669 455 3734 -ioter
486 3670 587 3748 daec,
613 3680 710 3756 atque
734 3673 831 3736 etiam
856 3674 947 3738 inter
972 3697 1069 3762 qreae.
1112 3676 1162 3738 lta
1188 3671 1408 3760 significabant

366 3777 421 3830 eo,
448 3775 530 3839 quae
554 3777 621 3818 uno
645 3767 797 3843 tempore
821 3758 907 3822 facta
927 3771 1030 3824 erant.
1072 3758 1170 3824 Inter
1190 3759 1276 3824 icaec
1293 3781 1359 3846 pro
1379 3757 1410 3820 in

301 3897 305 3910 ,
365 3841 432 3906 icoc
458 3839 651 3906 conditione
676 3841 796 3928 legitur
825 3845 859 3909 in
885 3845 1053 3910 Ciceronis
1081 3845 1174 3908 libris
1198 3844 1240 3908 de
1264 3846 1409 3932 Legibus,

366 3924 424 3990 sed
448 3923 540 3988 locus
557 3937 605 3990 est
631 3951 648 4023 a
667 3927 849 4012 glossatore
872 3930 1015 4016 quodam
1039 3927 1261 4016 interpolatus
1285 3927 1320 3995 e't
1343 3929 1410 3995 alias

370 4009 414 4074 ob
439 4031 567 4074 caussas
588 4011 794 4082 reiiciendus.
844 4015 940 4104 Apud
963 4017 1044 4083 alios
1064 4019 1247 4104 scriptores
1270 4017 1412 4082 occasio-

273 4106 287 4158 Ἀ
370 4109 449 4162 nem
463 4095 685 4183 intelligimus.
756 4105 760 4112 ‘
1056 4127 1061 4134 ·
