2812 4732
481 216 718 324 'tnt-
1055 235 1196 300 351'

65 383 276 451 vehementer
294 378 429 453 fallitur.
474 381 616 449 lustinus
632 394 665 449 et
693 384 748 471 qui
771 384 864 449 istius
889 387 1007 451 aetatis
1025 387 1120 458 fuere

62 473 252 558 scriptores,
276 468 427 537 dicebant
442 466 568 534 beilum
582 493 704 558 gerere
719 471 756 535 ia
775 470 973 536 Graeciam.
996 478 1072 553 331,
1090 483 1133 564 1.Ι

62 559 116 636 42,
134 557 167 631 5,
183 548 214 619 6'.
235 552 270 618 id
289 565 348 634 est,
369 553 522 618 adversus
534 558 723 622 Graeciam:
749 557 805 620 sed
824 579 893 621 non
911 561 1021 644 potuit
1035 561 1120 624 scri-

63 643 159 722 bere,
182 663 243 706 nec
268 640 399 726 scripsit
416 641 455 704 de
475 640 562 705 bello
582 643 617 705 in
634 642 744 706 Sicilia
763 653 856 729 gesto
886 645 917 722 5,
937 650 966 724 1,
987 651 1016 708 1.
1036 646 1133 717 dum,
1198 695 1200 702 ,

60 722 283 792 Atlaeriieaees
301 726 339 789 ia
355 724 514 790 Siciliam
529 725 653 790 bellam
671 764 714 775 -
732 739 869 815 gerunt.
897 752 957 793 nee
974 735 1004 807 2,
1021 737 1071 805 13,
1087 735 1119 797 6.

60 814 150 878 satia
175 811 298 876 multos
326 811 438 878 hostes
462 811 499 876 ia
525 811 713 877 Graeciam
735 814 912 879 remanere
941 814 1119 896 dictitans,

58 921 120 964 nec
138 898 271 963 Curtius
297 899 459 981 5,5,1s.
491 896 643 962 Darium
669 899 786 985 quinto
810 900 868 965 die
894 901 931 964 iu
957 901 1120 966 Ciliciam

51 982 136 1073 fore
151 983 344 1048 nuntiatur.
366 982 492 1046 etiamsi
509 984 640 1048 codices
659 985 902 1070 quidam„n0n
920 1006 1037 1050 omnes
1057 1010 1119 1051 nec

60 1071 217 1134 meliores
236 1067 268 1131 id
288 1067 461 1141 exhibent„
502 1069 575 1134 Vid.
594 1071 743 1134 Davisius
762 1071 802 1134 ad
819 1072 906 1136 Hirt.
923 1071 960 1135 B.
978 1071 1049 1136 Afr.
1068 1076 1119 1138 47.

45 1146 241 1222 ¹Frontinus
283 1154 367 1216 otuit
382 1154 522 1242 Strutag.
540 1161 570 1234 2,
586 1157 617 1236 4,
636 1159 671 1220 4..
687 1156 847 1222 scribere:
868 1158 994 1236 aciem,
1016 1181 1120 1245 quam
1227 1201 1228 1206 κ

59 1243 89 1306 is
121 1243 160 1305 ira
195 1176 368 1304 Adimam
396 1263 464 1325 per
495 1243 679 1328 aegraecius
713 1241 1022 1330 Thermopylarum
1061 1244 1120 1309 di·
1215 1255 1218 1275 ⁴

59 1337 216 1392 rexerat:
237 1347 308 1388 non
326 1327 435 1411 potuit
458 1325 494 1412 in
515 1327 590 1393 loco
613 1335 915 1416 supramemorato
933 1330 970 1393 ia
988 1328 1120 1414 Hispa-

19 1473 23 1479 ,
59 1414 177 1477 niam:
214 1433 284 1485 necx
314 1412 526 1475 consentiunt
559 1413 645 1492 libri.
704 1413 863 1478 Klenzius
895 1417 1124 1480 certissimum

59 1498 157 1562 buius
183 1518 268 1560 usus·
281 1495 517 1562 documentum
542 1501 682 1586 reperiri
707 1500 915 1565 existimabat
937 1502 971 1564 in
1000 1503 1118 1566 inscri-

59 1582 240 1670 ptionibus·
255 1583 385 1646 tabulae
409 1582 607 1648 heracleens.
644 1586 702 1649 lin.
726 1583 780 1650 50.
815 1606 853 1650 ΙΝ
877 1606 999 1652 VRBEM
1025 1607 1119 1652 Prto-
1135 1589 1147 1619 ’·

59 1685 185 1735 elvsva
209 1665 330 1732 banau
349 1687 438 1734 nou.
455 1681 486 1733 et
505 1671 536 1732 in
555 1670 640 1756 Lege
659 1671 774 1738 servit.
799 1695 832 1759 p.
849 1677 901 1736 23.
920 1690 1062 1757 Jvavn
1079 1693 1119 1737 lu

36 1787 39 1796 =
57 1773 183 1820 vanarn
199 1772 326 1818 nouam
340 1791 384 1802 -
399 1773 567 1820 sanarer.
613 1758 705 1839 Quae
718 1757 836 1844 quibus
851 1758 1040 1824 auctoribus
1056 1760 1118 1824 tri-

40 1899 43 1905 .
58 1840 223 1915 buamus,
245 1850 337 1902 antea
355 1842 534 1906 innuimus.
1124 1843 1144 1870 ''

1332 1221 1363 1228 ,—

164 1959 243 2025 Quae
258 1960 431 2011 Burmannus
446 1962 480 2012 ad
495 1963 607 2014 Sueten.
624 1964 702 2017 Caes.
719 1960 763 2016 54.
778 1963 882 2028 alfort,
901 1963 974 2016 nthtt
990 1982 1117 2034 compro-
1189 1968 1202 2001 Ψ
1250 1939 1252 1943 ⁷
1298 2027 1304 2045 l

125 2046 212 2108 baut,
230 2060 282 2094 nec
302 2043 342 2094 ibi
356 2043 440 2096 scribi
456 2052 545 2111 potest
561 2050 587 2099 ia
609 2050 722 2102 ltaliam.
757 2048 889 2101 Meliores
907 2049 1015 2102 codices
1037 2051 1118 2105 abla-

127 2127 220 2181 tivum
233 2128 337 2182 habent
352 2129 436 2181 aliam
450 2129 479 2182 in
495 2130 581 2184 Hirtii
596 2134 630 2186 Β.
645 2134 704 2186 Alc.
719 2131 764 2197 41,
781 2131 807 2183 4.

38 2300 41 2306 2
143 2246 178 2333 2.
212 2266 481 2367 Praetermittere
504 2267 731 2365 quaestionem
756 2267 796 2330 de
821 2268 943 2335 omissa
969 2292 1115 2358 praepo·

57 2350 349 2418 sitioneamultis
367 2353 432 2416 iam
450 2363 634 2417 institutam
658 2376 719 2416 nos
743 2377 812 2416 non
828 2353 939 2418 licebit
953 2368 1114 2442 propter·
1151 2381 1153 2385 ’
1222 2367 1223 2371 ’
1313 2426 1317 2435 Ἰ

59 2460 96 2502 ea
106 2430 124 2509 ,Χ
142 2437 237 2526 quod
263 2438 421 2524 quaedam
443 2440 656 2510 inveniuntur
671 2438 748 2503 huic
764 2440 821 2503 uni
837 2441 1017 2526 particulae
1032 2464 1116 2528 pro-‚

57 2525 141 2610 pria.
196 2526 301 2617 Saepe
324 2520 419 2602 enim
453 2549 471 2590 a
507 2525 648 2589 librariis
680 2525 961 2612 praepositionem
991 2537 1117 2593 temere

58 2609 222 2678 adiectam
249 2633 318 2674 esse
343 2611 447 2675 critici
476 2611 697 2674 contendunt:
738 2623 772 2687 at
802 2633 872 2674 non
905 2635 982 2676 raro
1016 2614 1114 2677 etiam

58 2699 179 2763 omissa
198 2721 238 2764 ea
255 2707 302 2760 est
320 2697 369 2761 vel
382 2719 462 2761 ‘casu
483 2697 530 2760 vel
542 2695 631 2763 falso
657 2697 790 2761 iudicio.
838 2696 902 2761 Sed
920 2720 995 2773 usus
1015 2701 1114 2764 ctiam

55 2784 177 2848 multas
195 2782 360 2849 dictiones
380 2784 537 2867 servavit,
558 2804 698 2869 quarum
715 2783 854 2846 modum
879 2806 947 2847 non
972 2784 1010 2847 ad
1035 2785 1113 2849 altas

56 2869 202 2934 eiusdem
232 2869 361 2956 generis
385 2868 569 2931 adhibitum
586 2869 751 2932 uidemus.
804 2868 966 2932 Dicebant
989 2882 1113 2933 veteres

54 2953 92 3017 ia
107 2979 218 3020 manu
237 2967 370 3029 tenere,
393 2953 573 3031 moralia,
595 2954 632 3016 ira
647 2951 786 3016 auribus
804 2964 937 3034 tenere,
960 2956 1015 3018 sed
1035 2956 1114 3018 aui-

53 3061 107 3103 mo
123 3054 265 3118 terzere,
290 3039 457 3102 memoria
473 3049 603 3118 tenere,
628 3059 697 3100 non
720 3035 865 3124 praefixa
890 3042 1114 3126 praepositio-

53 3146 105 3190 ne.
151 3127 191 3195 In
212 3126 290 3192 aliis
307 3123 428 3186 multis.
445 3133 584 3208 utraque
607 3121 720 3186 forma
745 3123 879 3209 aequale
901 3126 951 3188 ius
974 3126 1112 3200 obtinet,
1152 3128 1153 3138 ’
1230 3173 1231 3177 ,
1309 3172 1327 3207 3

51 3211 153 3276 veluti
177 3213 217 3277 ia
244 3209 361 3276 auimo
385 3209 513 3274 coicere
536 3218 569 3272 et
589 3208 706 3272 auimo
740 3209 879 3274 coicere.
919 3210 996 3275 uide
1019 3213 1112 3291 Gort.
1311 3208 1326 3291 ²,

57 3295 96 3360 ad
117 3299 253 3363 Sallust.
270 3296 341 3359 Cat.
358 3299 418 3370 82,
446 3302 475 3358 1.
519 3293 676 3366 ablativi,
699 3295 755 3380 qui
773 3293 914 3359 absoluti
931 3297 1028 3382 vulgo
1052 3320 1114 3396 ap·
1302 3346 1327 3356 ..

56 3383 246 3480 pellantur,
269 3379 655 3460 saepissime'succedunt
670 3380 705 3444 in
724 3382 827 3444 vicem
842 3386 1111 3468 praepositionrs,
1216 3447 1220 3455 ,f
1248 3430 1255 3445 .
1317 3394 1320 3401 ’

57 3468 146 3554 rique
164 3493 238 3536 non
257 3477 386 3530 tantum
415 3466 594 3554 participiis
618 3465 824 3542 formantur,
847 3467 905 3530 sed
930 3470 1028 3532 etiam
1055 3469 1113 3534 ad-

55 3551 179 3621 iectivis
201 3566 234 3620 et
252 3551 506 3641 pronominibus
526 3563 558 3616 et
574 3551 718 3638 genitivo
742 3551 952 3617 substantivis
971 3553 1116 3635 adiecto,
1155 3592 1156 3595 =
1257 3618 1260 3632 ‚
1309 3607 1315 3614 Γ

55 3641 153 3726 Apud
173 3641 358 3727 scriptores
376 3638 569 3737 posterioris
587 3637 706 3701 saeculi
724 3659 820 3724 saepe
847 3639 945 3702 ctiam
966 3640 1112 3727 simplici
1218 3714 1227 3729 .

55 3726 265 3793 substantivo
289 3722 488 3808 exprimitur
512 3723 658 3788 conditio
681 3721 803 3789 rerum.
863 3721 952 3788 Illius
983 3727 1111 3812 generis
1312 3786 1314 3793 .

54 3824 130 3876 sunt
148 3815 221 3878 Cic.
248 3809 508 3897 puritanae.
530 3831 660 3896 magno
685 3820 718 3872 et
742 3807 908 3893 impedito
932 3823 966 3874 et
988 3811 1112 3889 mulie·
1151 3854 1155 3863 «
1254 3858 1258 3873 ,

54 3891 106 3961 bri
139 3911 173 3963 et
216 3895 368 3962 delicato
395 3894 616 3962 ancillarum
647 3912 897 3981 puerorumque
933 3897 1111 3960 comitatus
1214 3922 1247 3983 A
1308 3892 1310 3901 '

53 3983 167 4068 Agrar.
187 3988 218 4067 1,
236 3986 269 4062 8,
286 3983 339 4045 24.
360 3980 423 4044 boc
439 3992 532 4044 motu
551 3983 651 4068 atque
666 3981 733 4044 leuc
748 3978 1008 4065 perturbatione
1031 3982 1128 4045 ani-v

52 4087 188 4136 morum
203 4079 309 4157 atque
322 4087 448 4134 rerum.
472 4071 504 4152 2,
520 4067 641 4155 21,;55.
657 4065 726 4132 bac
737 4075 891 4132 nostram
896 4063 1109 4156 frequentia.
1202 4132 1209 4152 Ι
