2730 4720
587 269 678 338 IAM.

164 417 171 438 ’
193 430 223 491 9.
250 425 299 490 Ex
319 426 480 516 oppositis
507 435 755 512 cognoscuntur
778 427 838 492 alia
866 449 1009 517 quoque.
1056 435 1167 523 Signi.

113 509 229 574 fioatur
244 514 332 577 enim
350 537 418 598 „per
436 515 509 576 itam
533 525 564 574 et
580 509 633 591 id,
658 512 747 596 quod
771 527 993 601 exspectatum
1017 520 1165 608 adeoque

111 617 184 658 sero
202 600 318 678 evenit,
334 609 365 662 et
383 599 428 670 id,
450 597 539 682 quod
557 599 834 682 exspectationem
852 605 1030 686 praecurrit
1046 616 1078 669 et
1092 631 1163 671 nou

111 693 358 768 exspectatum,
383 682 440 746 sed
459 691 666 767 praematuro
694 682 744 745 sel
769 705 810 746 ex
831 686 1015 770 improviso
1037 689 1166 756 fastum

109 776 169 828 est.
221 765 304 830 lttud
331 768 471 830 dicimus
496 765 647 845 endiicle,
673 777 758 846 eret,
789 779 823 832 et
847 771 975 834 additur
996 773 1162 843 interdum

110 851 320 937 aliquando,
357 850 519 914 tandem:
549 850 613 914 hoo
638 872 715 914 vero
745 863 793 914 est
818 854 945 934 seleon„
980 858 1095 924 Vtrum
1120 885 1161 928 ue

108 957 174 998 ssna
211 937 414 1001 distinotiore
439 945 517 998 nota
542 936 757 1022 exprimituaz
787 939 944 1002 nimirum
962 941 1045 1017 [iam
1076 948 1109 1008 ni
1133 948 1158 1012 it

108 1019 294 1106 significat,
318 1041 419 1106 quam*
438 1031 537 1083 utex
562 1021 775 1108 oppositione
798 1024 974 1088 notionum
997 1028 1160 1116 intelliga-

109 1127 203 1185 mus,
236 1115 382 1168 aut'rem
409 1128 477 1169 non
500 1108 608 1193 prius,
630 1116 686 1170 aut
708 1128 774 1169 non
798 1107 902 1172 serius
926 1108 1009 1174 fieri.
1053 1115 1158 1180 conf:

108 1190 298 1254 Burmann.
317 1189 356 1254 ad
373 1189 509 1254 Phaedr.
525 1192 557 1268 5,
572 1196 603 1268 2,
620 1196 651 1254 4.
671 1191 709 1254 ad
720 1191 815 1256 Ovid.
830 1193 900 1260 Art.
919 1217 982 1259 am.
998 1201 1030 1274 3,
1046 1202 1098 1264 83.
1119 1200 1161 1264 ad

111 1277 237 1338 Lucan.
262 1281 302 1354 2,
322 1277 396 1343 214.
423 1275 611 1340 Broukhus.
635 1276 676 1340 ad
700 1275 873 1357 Titulus,
897 1280 928 1358 5,
950 1271 1001 1344 79.
1043 1283 1160 1373 Neque
1236 1309 1242 1320 ·

106 1359 174 1422 alio
194 1356 294 1434 inodo
318 1361 523 1444 designamus
546 1385 617 1428 rem
641 1362 676 1426 in
700 1370 853 1449 tempore
876 1376 1087 1450 promotam,
1107 1369 1159 1441 sel
1267 1439 1269 1444 ,

108 1443 150 1507 ad
166 1455 352 1514 extremum
367 1445 571 1534 perductam.

201 1599 326 1651 'Donatus
341 1597 375 1650 ad
390 1596 502 1649 Terent.
512 1597 562 1649 At.
578 1596 604 1660 2,
620 1597 647 1660 l,
661 1595 704 1650 21.
721 1603 747 1650 et
761 1591 831 1672 isira
844 1599 924 1654 eatan
937 1605 1071 1664 tarditatis
1083 1607 1156 1661 iaes-

173 1685 239 1735 satio
257 1690 311 1748 est,
327 1688 358 1732 nt
379 1681 520 1751 uagina.-
540 1681 616 1751 (Aen.
632 1681 674 1746 12,
689 1679 760 1749 ltu.)
788 1683 842 1734 iarn
859 1687 961 1748 metior,
989 1687 1058 1751 iam,
1082 1690 1154 1746 dion,
1249 1709 1251 1719 ,

173 1785 271 1836 precor.
305 1765 439 1820 aasnsr.
454 1765 480 1828 1,
497 1765 524 1828 2,
541 1765 583 1824 19.
601 1768 612 1818 i
619 1783 670 1818 ans
683 1768 758 1819 asodo
772 1767 908 1819 tarditatis
920 1776 955 1820 est
969 1771 1081 1837 signam.

209 1867 316 1921 ciaet
332 1867 432 1931 1111,
448 1865 474 1918 4.
490 1876 615 1937 putamus
639 1871 706 1922 enim
730 1869 794 1920 utils
815 1885 868 1921 esse
888 1877 913 1922 te
937 1872 1076 1938 aliqnando
1099 1873 1154 1929 iam

174 1971 230 2006 rem
251 1953 406 2021 transigere.
443 1949 491 2002 ubi
512 1952 646 2009 Corradus
672 1951 865 2021 corrigendum
888 1955 993 2014 sensuit
1015 1957 1155 2023 aliqnando

106 2031 108 2038 ’
177 2037 294 2088 tandem.
327 2034 417 2086 Tooit.
428 2035 494 2086 Ann.
508 2036 534 2098 2,
552 2036 594 2088 21.
613 2039 715 2105 iamque
736 2053 793 2088 sero
808 2038 860 2089 diei
874 2041 990 2092 subducit
1006 2057 1035 2091 ee
1048 2041 1103 2092 aria
1117 2041 1159 2092 iem

175 2122 281 2190 gionem
290 2117 420 2185 faciendis
437 2119 533 2171 eastris.
550 2117 569 2170 i.
585 2137 609 2173 e.
627 2122 681 2172 and
695 2127 746 2172 erst
760 2123 828 2188 spat.
859 2121 949 2182 Ptsut.
967 2122 1026 2184 Mil.
1040 2122 1067 2188 4,
1075 2123 1101 2188 2,
1110 2121 1153 2176 tt.

175 2203 353 2258 tantundem
367 2204 429 2254 ades
444 2205 521 2255 tilica.
555 2202 673 2266 11112,
688 2203 730 2268 12,
745 2203 787 2256 19.
809 2205 894 2258 minas
909 2209 964 2257 iana
983 2207 1091 2262 tandem
1106 2214 1154 2263 ant
1207 2213 1212 2218 ’

173 2288 345 2342 distetisset
366 2292 495 2354 fortemne
525 2289 656 2356 poenitere
676 2305 744 2340 snae.
779 2287 878 2356 virgil.
899 2289 966 2345 Aen.
985 2289 1011 2354 6,
1035 2291 1154 2348 611111

174 2373 286 2430 tandem
299 2371 393 2424 ltaliae
403 2372 536 2440 fugientis
549 2355 698 2438 prendirnns
713 2389 781 2424 oras.
811 2371 882 2433 Ciris
902 2389 928 2424 r.
943 2374 986 2426 us.
1015 2373 1154 2440 Aristonis.

172 2459 245 2510 Itan.
268 2451 329 2504 961.
353 2450 428 2523 ἔγωγ’
447 2445 573 2530 116νῆ611
598 2449 659 2508 ποτ’
687 2452 719 2509 iv
743 2457 838 2526 μακρῷ
863 2451 954 2532 natiso
965 2454 1066 2518 111111τὸ1
1093 2459 1155 2526 διη-

173 2537 328 2610 rotinense.

121 2712 124 2718 ,
209 2641 323 2698 Terent.
337 2644 438 2696 Hesut.
454 2641 480 2704 5,
496 2642 522 2706 1,
539 2639 565 2694 8.
585 2642 632 2694 otas
654 2642 709 2694 iam
726 2643 811 2702 desine
832 2643 892 2700 dass
906 2660 971 2695 asor
990 2643 1153 2712 gratulanda

172 2729 313 2782 obtundere.
333 2725 454 2796 ἶ’111111Ιοὶ
472 2729 541 2780 Met.
566 2745 593 2795 p.
609 2723 669 2790 les,
687 2724 729 2776 12.
747 2727 783 2794 (ρ.
802 2725 861 2778 128.
876 2725 964 2794 Prie.)
983 2736 1006 2779 et
1027 2736 1072 2790 111,
1089 2727 1153 2780 For-

171 2820 256 2874 tuna,
275 2812 364 2862 durior
384 2814 438 2865 iam
460 2815 557 2864 saevire
583 2813 685 2864 desiste.
721 2809 832 2862 Terent.
851 2810 933 2862 Andr.
954 2811 979 2874 1,
997 2809 1023 2873 2,
1039 2807 1081 2862 19.
1106 2811 1152 2862 do-

171 2897 233 2950 isino
257 2896 358 2963 postrato
379 2899 601 2964 dementasset,
627 2902 653 2947 ts
678 2913 739 2959 oro,
767 2897 856 2956 Dave,
885 2903 915 2946 nt
935 2896 1024 2946 redeat
1046 2897 1101 2950 iam
1122 2896 1152 2949 in

172 2983 253 3032 aiam.
286 2977 386 3030 Lucan.
401 2979 427 3042 2,
445 2977 505 3030 214.
522 2981 576 3032 tans
589 2980 726 3048 sanguinis
743 2979 790 3030 atti
805 2979 842 3030 vis
855 2977 902 3028 stat
912 2980 982 3042 feeit
999 2980 1056 3028 iter.

208 3081 270 3133 Isis.
280 3079 323 3142 21,
342 3079 386 3143 21,
400 3079 427 3134 Ἰ.
444 3082 559 3132 omatibus
570 3085 628 3145 fere
642 3079 741 3131 visendi
755 3079 841 3130 dmaos
858 3079 947 3128 ablata
960 3063 1153 3144 ottronotastas

172 3173 256 3238 grata
277 3171 332 3216 nat
347 3171 371 3214 et
391 3163 445 3215 iarn
459 3165 659 3216 desiderantibus
674 3167 772 3212 suaset
795 3160 900 3228 longius
915 3161 943 3210 in
959 3166 1079 3228 fastorum
1092 3179 1153 3239 pro·

172 3251 315 3304 ridentibus
331 3248 494 3299 desideriam.
529 3249 577 3300 Per
591 3255 671 3300 totum
686 3253 783 3314 tempus
804 3245 892 3295 hiemis
909 3247 977 3310 qaies
995 3247 1062 3296 inter
1083 3246 1153 3298 tato-

172 3356 229 3400 res‚
251 3342 294 3386 ant
315 3335 369 3384 iam
386 3333 578 3388 exhaustoslaut
592 3349 651 3384 raon
668 3330 870 3389 exhaurieadss,
891 3329 1025 3382 renovavit
1047 3335 1190 3397 1111111αῆ
1254 3392 1257 3398 ‚

174 3421 331 3485 animosque.
366 3415 422 3468 Cio.
443 3417 477 3468 ad
500 3415 575 3470 Fam.
597 3413 623 3479 6,
650 3414 676 3478 2,
702 3414 888 3484 11111111111111
910 3415 1082 3478 valetudinis,
1102 3432 1154 3482 qua

174 3513 262 3558 tamen
289 3501 344 3552 iarn
363 3503 511 3568 paullulum
532 3505 618 3556 videor
639 3501 726 3552 levari.
761 3498 794 3550 sd
817 3497 938 3560 1111113,
960 3495 988 3560 8,
1010 3497 1052 3550 16.
1077 3515 1154 3564 qoam

175 3589 243 3646 enim
267 3585 426 3648 Laodiceae,
452 3603 527 3651 qaum
547 3589 696 3654 *Apameae
714 3599 791 3650 qnam
810 3583 940 3648 Syasrsadis
962 3609 995 3620 -
1011 3599 1089 3638 essens
1109 3609 1152 3644 -‚

176 3653 263 3726 amnas
283 3669 338 3722 inm
361 3671 436 3722 istius
458 3671 560 3738 generis
584 3669 726 3736 legationes
750 3673 824 3716 erasd
846 3666 1006 3724 constitutae.
1032 3666 1110 3724 'Cels
1126 3664 1152 3727 3,

177 3753 319 3820 1811111111
339 3755 491 3805 credendam
508 3761 560 3814 est,
578 3753 713 3808 sisinnius
736 3749 847 3816 aliquis,
868 3735 930 3802 dan
946 3747 1028 3802 levari
1047 3749 1154 3800 vincatis

129 3843 134 3862 ⁸
178 3839 265 3910 eupit,
283 3853 373 3898 1111111111
388 3839 440 3895 iam
455 3854 482 3896 se
494 3839 595 3909 fingat.

208 3939 533 4017 Formulatonsneabis?
552 3911 715 4004 dioninsii,
734 3937 781 4006 qui
805 3937 927 4004 aliquem
946 3936 1091 3994 abeuntem
1110 3945 1156 3983 re·
1247 3930 1289 3954 ·’
1353 3955 1355 3964 ⁴

181 4027 272 4082 tinere
287 4023 405 4092 sortiunt.
438 4025 527 4078 Plaut.
542 4024 617 4077 Men.
631 4025 657 4094 2,
671 4023 698 4091 3,
715 4022 758 4078 86.
779 4023 849 4076 uua.
865 4024 892 4088 2,
909 4021 936 4086 i,
948 4019 996 4098 426.
