2680 4746
118 253 123 260 ’
227 295 290 361 aaa
414 249 455 381 J
668 279 812 348 Mene.

318 447 351 508 7.
371 436 437 504 Sed
451 457 520 502 nan
535 443 663 498 tuntum
676 431 717 498 ad
732 432 881 520 superius
896 439 1027 518 tempus
1047 432 1212 519 perticata
1225 455 1279 498 re·

238 528 350 618 spicit,
372 523 429 591 sed
455 521 549 585 etium
572 517 763 605 proximum
788 529 918 602 tempus
941 519 1133 603 procedens
1158 530 1190 582 et
1206 520 1278 582 sub·

238 633 377 700 nequens
391 605 641 704 complectitur,
665 613 701 667 ut
717 603 935 690 germanicum
953 600 1033 665 eben
1051 602 1094 667 de
1114 625 1170 684 eo,
1199 605 1274 689 quod

240 699 351 764 atatim
366 693 423 772 fit,
446 711 511 756 ave
535 689 645 778 paullo
662 699 750 776 poet.
793 684 1022 751 indefectam
1046 699 1097 754 est
1121 701 1275 776 postmu-

241 781 304 866 do,
326 779 416 870 quod
430 775 515 843 vide.

342 893 524 954 ercamrao.
537 891 562 959 3,
578 892 604 956 2,
618 889 661 945 tt.
678 892 825 946 Strabacem
840 889 882 943 iric
896 893 1017 962 cpperiar
1030 893 1118 956 mado,
1136 894 1161 944 er·
1176 894 1234 945 ruri
1245 909 1276 946 cc
1323 943 1324 946 ,

311 987 377 1038 aiat.
418 980 450 1032 lu
471 981 540 1032 uliae
560 993 628 1029 nuuc
648 975 767 1046 cpperiar
789 973 898 1028 dicitur.
932 975 1185 1042 niv.2c,15,1e.
1211 996 1278 1046 quam
1320 949 1324 984 ³

222 1088 224 1092 ·
313 1069 422 1121 It'iaccru
442 1068 567 1132 negaret,
594 1064 706 1128 prosecta
729 1059 791 1110 tatia
813 1067 951 1129 compotem
976 1063 1066 1114 mentia
1093 1078 1168 1125 ecee,
1201 1063 1277 1123 arretio¹

311 1147 442 1222 prohiberi
455 1147 533 1200 etiam
546 1161 592 1206 ee,
607 1145 630 1194 ei
642 1145 670 1195 ia
684 1144 770 1208 uellet,
788 1145 1020 1210 senatusconsulta,
1037 1145 1149 1210 diceret,
1167 1152 1226 1198 tua
1240 1145 1278 1196 ie·
1324 1187 1325 1194 ,

314 1235 400 1288 belliue
418 1259 453 1274 -
473 1229 554 1298 iuquit
579 1233 630 1280 etc.
748 1252 751 1257 ·
1325 1250 1326 1294 p

349 1331 473 1386 Terentii
485 1331 577 1394 verba,
596 1345 665 1398 quea
684 1344 710 1395 p.
723 1324 784 1381 641.
801 1345 834 1380 ex
849 1327 931 1382 Andr.
944 1326 1055 1394 3,4,15.
1075 1327 1169 1394 attuli,
1180 1331 1278 1382 dumea
1325 1299 1326 1338 t

313 1419 386 1472 made
400 1417 455 1482 iba,
473 1416 556 1470 etiem
579 1413 661 1468 simul
678 1412 712 1465 ad
730 1415 835 1480 tempus
857 1413 956 1466 referri
973 1421 1091 1481 puerunt.
1125 1413 1208 1466 ovid.
1220 1415 1280 1466 Met.
1326 1428 1327 1460 i

223 1523 249 1546 w
314 1500 358 1567 19,
374 1499 434 1554 522.
451 1516 532 1570 nuper
552 1507 607 1552 erat
620 1499 741 1568 genitus,
758 1499 832 1552 meda
843 1498 1039 1566 emmaum
1055 1501 1158 1568 trusum.
1193 1498 1277 1552 Tacit.

316 1584 384 1640 Aen·
401 1583 427 1650 6,
442 1583 484 1638 32.
515 1583 577 1638 vide
597 1581 671 1636 ult.

321 1711 362 1784 ¹8.
389 1705 479 1769 Hanc
506 1703 694 1792 particulam
723 1724 792 1765 uon
823 1699 999 1787 siguificare
1021 1722 1130 1781 nunc,
1161 1702 1278 1766 etiamsi

251 1809 315 1876 pro
331 1813 370 1856 eo
387 1801 547 1877 ponatur,
568 1783 683 1852 accde
701 1798 849 1874 tempore
864 1787 1041 1872 praeterito
1056 1788 1195 1874 proprie
1212 1788 1279 1866 dici,
1328 1811 1329 1820 ¹

251 1875 307 1938 sed
325 1877 554 1961 quodcumque
579 1875 698 1936 iustum
717 1881 865 1958 tempus,
884 1893 948 1956 quo
972 1871 1048 1958 quid
1074 1871 1134 1936 fiet
1156 1883 1210 1936 aut
1231 1871 1279 1936 fa-

145 1994 149 1998 ·
252 1969 342 2023 ctum
366 1961 408 2023 eit
429 1970 482 2023 aut
506 1958 676 2030 futuram,
698 1955 730 2019 id
751 1956 843 2020 nulio
869 1955 931 2020 alio
959 1967 1155 2042 argumento
1183 1958 1278 2041 magis

253 2045 500 2130 comprobatur,
523 2065 619 2130 quam
638 2041 726 2128 quud
743 2051 877 2128 apparet
891 2043 924 2104 in
942 2063 981 2105 eo
997 2063 1076 2122 usu,
1102 2063 1169 2127 quo
1184 2041 1278 2106 mado

254 2147 328 2192 cum
343 2128 420 2193 ¹aliis
437 2138 625 2214 temporum
647 2127 837 2191 nominibus
861 2124 1047 2201 confertur,
1071 2138 1104 2189 et
1120 2128 1281 2212 germani·
1330 2145 1331 2208 j

255 2211 392 2278 enbald
413 2245 455 2264 ·-·
481 2211 563 2276 bald
580 2213 735 2275 redditur.
780 2210 945 2294 Significat
968 2213 1055 2274 enim
1081 2211 1195 2297 aliquo
1217 2213 1277 2274 sire

255 2319 314 2361 erto
333 2310 497 2384 tempore,
523 2296 725 2383 altmannum,
750 2305 781 2359 et
801 2295 840 2364 tie
856 2295 980 2360 dnobus
996 2295 1186 2382 pluribusve
1199 2307 1279 2360 tem·
1327 2324 1332 2388 ,¹

254 2383 668 2470 paribusala'ae-aliue
712 2380 812 2459 Quod
830 2381 984 2444 Germani
1008 2381 1120 2443 dieunt
1142 2405 1183 2443 za
1202 2379 1281 2444 Zet·
1331 2431 1332 2440 ,

159 2455 165 2474 ’
255 2479 328 2558 pen,
351 2467 536 2532 referebant
552 2467 654 2530 Latini
672 2464 862 2528 admodum
881 2467 942 2544 ita,
964 2475 999 2527 ut
1013 2466 1187 2528 notionem
1203 2478 1282 2529 tem·

255 2553 346 2638 poris
361 2561 602 2648 praesumerent
620 2561 652 2614 et
665 2550 767 2614 solam
786 2549 1008 2614 definitionem
1023 2561 1184 2614 tenerent.
1221 2552 1283 2614 lta·

257 2659 319 2720 que
345 2638 391 2698 bis
415 2646 503 2698 terve
526 2635 660 2719 ponitur
681 2635 720 2696 ‹ie
742 2635 838 2698 rebus
865 2635 991 2700 diverso
1015 2647 1168 2722 tempore
1196 2638 1280 2711 actis,

258 2721 324 2782 sive
341 2720 380 2782 de
398 2739 461 2792 unu
480 2720 605 2782 actione
620 2718 660 2782 ud
683 2718 821 2784 diuersas
844 2743 895 2783 ree
919 2721 1210 2784 commutata'vice
1231 2743 1281 2784 re-

258 2803 333 2870 lata.
355 2803 519 2888 Imprimis
531 2814 745 2889 opponuntur
763 2807 806 2868 itu
824 2806 920 2869 verba
935 2807 1050 2870 lma—
1069 2805 1166 2869 illud.
1188 2805 1281 2869 Modo

256 2889 322 2965 eiu,
343 2888 443 2952 moda
467 2889 516 2952 ria
536 2889 681 2974 loquitur
706 2891 844 2953 rusticus
869 2891 953 2976 apud
975 2892 1107 2954 Petrou.
1125 2892 1177 2968 45,
1193 2897 1223 2954 2.
1246 2891 1280 2954 de

206 3015 215 3032 .
256 2973 473 3040 inconstantia
488 2973 852 3054 rerpffissumanarumr
875 2997 936 3038 nos
960 2972 1043 3040 tata
1066 2997 1123 3053 ro,
1143 2973 1279 3040 baldea.

165 3067 168 3070 '
258 3057 321 3122 Sed
338 3057 437 3122 modo
452 3095 494 3106 —
508 3059 720 3124 modoetiam
737 3057 884 3122 derebus
909 3060 987 3146 ipsiu
1011 3082 1188 3144 earumque
1209 3083 1279 3146 pur-

256 3141 343 3206 tibus
364 3143 485 3206 uiteruu
514 3143 831 3232 viceupparentibue
855 3144 1019 3212 dicuntur.
1066 3145 1140 3208 Vid.
1168 3168 1201 3210 n.
1226 3151 1278 3208 10:

259 3248 340 3308 quae
358 3227 532 3298 sententiae
554 3227 648 3291 etiam
670 3251 729 3314 per
750 3250 848 3313 qaum
862 3241 1009 3306 -tum,
1030 3239 1119 3292 et-
1136 3241 1168 3294 et
1183 3251 1278 3294 entm-

258 3311 331 3372 tiari
358 3322 506 3397 possunt.
558 3313 709 3376 Ceterum
732 3313 820 3376 nulla
844 3323 912 3376 erat
937 3334 1063 3391 caussa,
1087 3325 1277 3401 quaprapter

256 3394 471 3460 Doederlinus
494 3397 679 3484 Synouym.
701 3395 743 3460 Τ.
759 3398 789 3460 4.
814 3420 847 3483 p.
863 3402 934 3462 276.
951 3398 1188 3479 contenderet,
1213 3421 1276 3462 ma·
1327 3385 1332 3404 ⁴

260 3477 303 3542 do
325 3477 367 3530 -’-
389 3480 487 3543 modo
508 3482 650 3566 legitime
672 3491 798 3558 tantum
823 3483 861 3546 de
886 3482 984 3546 rebus
1004 3485 1189 3568 ,praeteritis
1215 3484 1274 3556 dici,

259 3565 314 3653 εθῤ
325 3563 383 3628 hac
400 3567 599 3651 proprietate
608 3565 804 3653 oblitterata,
814 3569 908 3633 etium
920 3567 958 3630 ad
968 3581 1151 3654 praesentes
1163 3567 1274 3634 referri.

245 3699 250 3710 ¹
362 3683 410 3736 Cic
429 3683 462 3736 de
476 3683 537 3738 Nat.
556 3686 582 3737 ti.
599 3686 624 3752 l,
639 3685 682 3752 18,
695 3684 739 3744 41.
759 3669 919 3752 Cottumeue
935 3687 1010 3756 meaa
1033 3688 1094 3750 toa,
1120 3691 1196 3743 meda
1214 3687 1272 3740 utut

323 3765 348 3830 2,
364 3765 405 3831 19,
421 3765 463 3820 49.
485 3765 630 3838 primaeque
645 3771 683 3822 uei
700 3796 733 3810 -
751 3771 788 3822 ita
801 3779 926 3834 mouetur,
943 3779 989 3832 ut,
1008 3787 1086 3840 qaum
1104 3779 1189 3826 terrae
1208 3775 1274 3841 large

325 3849 379 3902 iace
395 3850 570 3920 coaptaverit,
587 3855 686 3904 eaedem
701 3855 774 3906 made
790 3855 844 3916 itia,
864 3843 1014 3906 meda'illie
1035 3871 1067 3908 cr
1085 3859 1208 3924 partitur
1222 3873 1274 3924 cpu-
1313 3887 1319 3898 ·

328 3939 374 3985 aa.
402 3931 515 3988 uana.
534 3933 560 3999 a,
575 3933 618 4000 44,
634 3933 675 3988 ee.
694 3937 782 4004 quotu
798 3922 882 3988 eoram
897 3938 924 3990 a·
937 3928 1033 3993 caetum
1051 3941 1125 3992 »aaa
1139 3942 1195 4004 aa,
1216 3939 1275 3992 ...ιο

328 4017 372 4069 etto
389 4019 462 4070 moda
484 4025 650 4088 temperatur.
685 4020 719 4072 ud
739 4021 792 4072 art.
808 4019 851 4084 13,
865 4017 907 4072 25.
927 4040 943 4074 a
967 4023 1130 4092 academiam
1152 4023 1274 4076 vetatur

326 4107 350 4152 et
363 4101 404 4152 eui
420 4101 543 4168 similem,
554 4103 636 4156 'meda
649 4103 697 4156 leuc
706 4109 722 4168 ,'
731 4105 805 4158 meda
819 4105 887 4159 ailae.
923 4103 1024 4158 cnull.
1042 4101 1069 4169 8,
1085 4103 1113 4158 9.
