2738 4730
190 289 255 358 na
428 363 432 384 .
690 276 746 344 m,
848 351 851 358 .

262 393 411 513 brigittam
433 451 493 490 esre
515 431 636 486 imitatos
656 432 787 501 huncque
808 445 888 512 mam
909 443 1017 482 morem
1041 444 1075 482 ex
1100 427 1261 486 imitation„

146 569 151 596 ,
267 530 436 583 Graecorum
460 521 652 575 conlormasss.
692 521 729 572 At
754 534 849 570 omnes
869 517 1022 570 hauserunt
1053 531 1087 566 ex
1119 518 1262 572 communi

266 616 351 669 ionis.
384 607 483 678 virgil.
497 607 564 660 Asu.
582 605 609 670 1,
625 603 687 658 263.
706 605 799 656 beblum
814 601 910 671 ingens
926 607 1002 670 geret
1015 598 1107 651 ltalia.
1132 600 1178 664 12,
1199 601 1264 656 343.
1357 599 1358 660 i

264 717 328 770 quos
353 697 482 749 lmbrasut
503 691 558 760 ipsa
578 693 704 744 nutrierat
722 688 814 757 lryeiu.
856 685 948 738 Mults
968 685 1098 752 exempla
1122 702 1157 738 ex
1180 687 1263 742 libris
1358 755 1359 762 ἵ

268 782 363 848 Flori,
388 775 495 850 Hygini
518 775 634 845 aliisque
656 775 740 828 lmine
761 770 860 825 aetatis
883 770 1055 838 collegerant
1073 769 1204 824 Arainon.
1228 774 1264 826 ad

267 869 362 922 Anrsl.
377 865 447 918 Vici.
458 861 530 930 Epit.
544 859 587 914 87.
606 857 823 928 etWoplensins
838 857 868 908 in
883 856 1001 908 Miscell.
1021 856 1138 909 Obserr.
1148 859 1266 914 Tosne.

269 971 298 1022 p.
316 950 378 1005 275.
412 931 504 1002 Tacit.
520 947 588 1000 lun.
601 943 628 1009 4,
643 942 669 998 b.
686 959 777 996 nouem
793 942 937 1012 praetoriae
954 942 1071 994 cohorter
1088 943 1202 1022 Etruria
1204 951 1266 1014 fcr-

271 1054 313 1090 noc
324 1035 478 1102 Vmbriaque
493 1033 614 1085 delector.
649 1027 722 1081 llisb.
732 1026 760 1098 2,
774 1023 801 1079 5.
822 1034 917 1095 reptem
928 1027 1045 1096 legimns
1059 1028 1152 1080 stetim
1166 1037 1193 1082 et
1209 1049 1267 1084 cons

271 1121 423 1192 ingentibus
437 1118 542 1170 auxiliis
564 1115 641 1183 Syria
657 1113 814 1182 Iudaeaque.
847 1112 880 1164 ln
903 1113 973 1166 dnn.
988 1110 1039 1176 13,
1053 1110 1078 1164 8.
1097 1111 1207 1170 ineerta
1223 1122 1264 1170 ert

206 1243 211 1256 .
261 1205 371 1263 ·lccbio=
392 1203 559 1273 Cappadocia
570 1199 621 1253 nel
637 1199 715 1268 apud·
723 1198 928 1266 Cappadociam.

308 1306 477 1375 Papularum
499 1301 654 1358 nominibus
676 1295 768 1356 berrae
788 1299 972 1371 designantur.
990 1315 1040 1368 per
1057 1302 1267 1372 metonymiam.
1361 1293 1362 1328 ³

274 1391 332 1445 cie.
349 1393 383 1444 de
402 1393 467 1444 Son.
483 1387 526 1453 14,
536 1387 578 1440 46.
596 1403 664 1454 puae
678 1387 782 1453 quidem
797 1388 875 1439 etiam
890 1387 918 1437 in
933 1386 1041 1437 Sabinis
1054 1390 1177 1456 persequi
1191 1392 1268 1444 solea

175 1497 182 1511 ‘
275 1477 310 1530 tle
325 1477 388 1532 niv.
403 1477 430 1542 1,
439 1474 483 1539 41,
490 1473 534 1533 bib.
551 1480 577 1526 ct
592 1475 619 1525 in
634 1473 720 1525 Persis
735 1479 910 1542 augurantur
926 1478 949 1522 et
963 1471 1080 1524 divinant
1094 1477 1181 1543 magi.
1209 1477 1268 1532 hir.

274 1560 301 1628 2,
320 1561 363 1626 ul,
378 1561 405 1614 1.
422 1562 484 1614 dum
497 1561 560 1613 baec
575 1561 603 1611 ia
616 1558 710 1610 Volscis
724 1565 862 1627 geruntur.
894 1554 959 1608 ntia
974 1557 1102 1624 exempla
1117 1561 1271 1616 verborum

276 1648 306 1700 in
322 1647 445 1711 Sabinis,
474 1646 504 1698 ia
518 1644 631 1712 Aequis,
656 1643 683 1695 in
701 1642 796 1695 Volscis
820 1641 885 1692 vide
905 1642 977 1708 apud
995 1642 1134 1695 Drakenb.
1155 1645 1191 1696 ad
1206 1645 1269 1700 lsiv.

277 1729 309 1796 5,
327 1729 378 1796 te,
393 1729 419 1783 b.
445 1734 474 1783 et
498 1729 532 1782 nd
547 1726 582 1793 4,
597 1727 649 1792 41,
664 1727 707 1780 11.
741 1725 813 1780 Num
831 1743 885 1778 non
915 1726 944 1778 in
965 1726 1092 1780 omnibns
1111 1731 1270 1786 nominibus

276 1805 357 1870 usam
373 1816 447 1868 hunc
469 1814 591 1867 videmus
613 1811 767 1867 admissum.
807 1809 868 1863 loir.
891 1809 944 1877 21,
963 1808 1013 1876 38,
1028 1810 1054 1864 5.
1079 1815 1109 1865 in
1134 1815 1268 1871 Taurinis

279 1901 324 1956 ot.
340 1901 432 1954 Iacob.
451 1901 486 1953 sd
501 1899 612 1952 loncian.
633 1897 735 1951 Toxar.
756 1915 783 1966 p.
798 1893 842 1953 63.
877 1896 921 1953 ltu
937 1897 967 1951 in
978 1899 1100 1969 patribus
1119 1902 1215 1972 proin
1229 1919 1270 1958 sc-
1360 1962 1365 1981 ι

172 2025 174 2030 ·
205 2045 208 2052 Ι
279 1993 343 2042 'babil
359 1986 418 2044 clos
434 1985 468 2042 do
482 1983 550 2057 hog·
569 1982 653 2054 3218,
672 1981 715 2040 4οι

296 2147 328 2207 2.
348 2133 506 2208 'Nomina
536 2139 733 2230 appellativa
769 2146 943 2206 assumunt
975 2136 1272 2228 praepositionem.
1366 2161 1367 2170 ¹

214 2226 325 2308 Quem
341 2245 437 2291 usum
457 2227 666 2291 notissimum
685 2234 821 2289 nonest
840 2223 1107 2311 quod-exemplis
1126 2223 1273 2288 demon-

141 2385 145 2394 Ι
213 2323 369 2379 stremus.
430 2312 495 2412 Sed
532 2311 742 2400 quadruplex
773 2312 808 2375 in
835 2309 872 2372 iis
894 2311 1040 2408 suppetit
1069 2309 1271 2376 observatio.

117 2397 120 2407 ’
214 2399 386 2480 Quaedam
401 2422 539 2465 nomina
555 2400 590 2464 i'n
606 2397 789 2463 formulam
806 2406 991 2545 composita
1011 2395 1156 2480 simplici
1181 2395 1275 2460 abla-

212 2487 283 2552 tivo
315 2498 507 2574 ponuntur,
539 2506 622 2571 quae
652 2495 743 2548 extra
770 2481 882 2546 formu
898 2505 951 2546 am
976 2483 1151 2569 requirunt
1173 2503 1276 2570 prae·
1311 2489 1314 2496 “

242 2563 439 2652 ontionem,
465 2571 566 2637 veluti
588 2570 708 2646 dicitur
723 2580 818 2632 terra
833 2569 1007 2656 marique,
1034 2568 1090 2632 sed
1108 2569 1274 2633 interra.

213 2594 305 2722 lum
324 2658 384 2721 alia
408 2666 501 2719 erant
525 2655 706 2742 quaedam,
728 2655 763 2717 in
789 2655 914 2740 quibus*
931 2666 1069 2740 utraque
1093 2653 1208 2720 forma
1233 2654 1276 2718 ab

214 2763 275 2806 usu
304 2763 363 2826 per
384 2741 534 2821 Livium,
554 2750 592 2803 ut
617 2740 764 2820 ridetur,
792 2741 961 2826 imprimis
983 2738 1184 2806 confirmato
1211 2740 1280 2804 ad-

213 2827 425 2893 mittebatur:
457 2825 741 2913 quemadmodum
778 2824 938 2912 dicebant,¹
958 2826 1032 2891 loeo
1057 2837 1089 2890 et
1119 2827 1157 2890 irc
1185 2826 1279 2906 Ioco,

205 2913 254 3000 *ia
276 2913 331 2978 ria
357 2923 389 2977 et
405 2911 480 2976 vcia.
534 2911 591 2976 Est
615 2933 693 2976 vero
716 2911 831 2998 opinio
857 2924 1049 3000 pervagata,
1077 2933 1142 2999 qua
1165 2911 1281 2978 critici

216 2999 424 3065 contendunt
448 2995 589 3064 ablativo
611 2997 702 3063 nudo
726 2998 887 3062 maiorem
911 3001 1091 3077 ambitum,
1115 3020 1183 3062 non
1202 3021 1283 3062 cer-

190 3087 257 3150 ·tis
279 3085 429 3151 terminis
453 3082 643 3159 definitum,
667 3083 841 3171 significari
860 3107 962 3170 aeque
986 3109 1023 3150 ac
1049 3084 1282 3184 praepositio-

215 3172 258 3237 ne
267 3195 346 3258 per.
389 3171 465 3253 Vid.
483 3172 625 3258 Herzog.
652 3169 691 3233 ad
716 3170 807 3234 Caes.
825 3170 862 3235 B.
882 3173 943 3236 civ.
965 3183 994 3251 1,
1009 3177 1062 3236 21.
1088 3192 1144 3257 qur
1169 3169 1283 3256 quum

135 3262 138 3274 '
217 3258 315 3321 docet
332 3255 514 3342 disponere
539 3257 582 3319 ob
606 3257 689 3319 hanc
712 3257 817 3340 ipsam
841 3279 991 3321 caussam
1017 3256 1176 3339 componi
1198 3277 1284 3320 cum
1364 3268 1368 3277 ’

218 3339 381 3420 ablativo,
408 3351 443 3418 ut
470 3341 563 3417 Caes.
579 3340 617 3404 Β.
642 3340 714 3427 gell.
732 3344 771 3422 8,
792 3343 845 3407 48.
867 3344 1044 3432 murisque
1069 3341 1285 3427 disponunt.-

216 3448 289 3492 non
305 3425 459 3488 meminit
476 3425 648 3490 Caesarem
664 3425 702 3489 Β.
720 3428 781 3492 cir.
798 3433 895 3512 1217.
914 3429 1082 3514 scripsisse
1104 3438 1287 3492 tormenta

218 3511 257 3578 ia
278 3510 386 3574 muris
407 3509 580 3598 disponit,
606 3522 637 3574 et
661 3512 772 3599 ipsum
803 3533 838 3576 se
862 3512 1048 3578 defendisse
1076 3515 1287 3600 scripturum

217 3595 257 3664 B.
277 3596 339 3674 civ.
357 3601 387 3679 1,
403 3600 457 3661 72.
479 3595 669 3683 praesidiis
685 3599 723 3662 iro
744 3597 913 3662 montibus
941 3600 1127 3685 dispositis.
1171 3600 1288 3663 Dein-

220 3682 261 3748 de
290 3682 348 3746 ubi
375 3681 499 3748 accedit
522 3682 738 3765 adiectivum,
772 3686 883 3750 omitti
915 3697 1026 3767 potest
1061 3687 1288 3772 praepositio,

220 3767 315 3856 quasi
339 3767 519 3860 ausilium,
548 3768 637 3856 quod
660 3771 863 3858 praepositio
886 3771 982 3844 effert
1004 3773 1135 3843 notioni
1161 3775 1289 3858 expri-

192 3925 195 3930 ,
219 3852 381 3929 mendac,
405 3853 553 3919 adiectivi
570 3853 680 3918 forma
694 3861 770 3921 satis
787 3855 979 3923 declaretur.
1024 3857 1065 3924 ld
1078 3859 1112 3921 in
1129 3859 1292 3945 prosaica

221 3940 373 4004 oratione
390 3941 536 4005 maxime
561 3951 704 4028 praestat
727 3965 852 4007 nomen
877 3955 988 4008 tatus:
1012 3945 1103 4008 euius
1131 3963 1301 4010 caussam·

221 4025 408 4094 Beneckius
427 4025 482 4124 (ad
499 4026 614 4091 lustin.
630 4027 684 4108 25,
700 4027 731 4101 5,
750 4028 794 4112 6.)
812 4029 975 4094 invenisse
991 4029 1053 4093 sibi
1072 4030 1159 4094 visus
1175 4040 1231 4094 est
1255 4035 1293 4096 in

176 4185 180 4190 .
223 4112 365 4178 notione
378 4120 481 4180 totius
500 4112 568 4194 sive
583 4112 752 4198 universae
766 4115 833 4200 rei,
856 4139 874 4182 a
890 4136 955 4206 qua
973 4115 1169 4182 ahhorreret
1182 4137 1294 4204 prue-
