2738 4730
99 313 102 324 ψ
210 281 275 382 asp
406 381 408 387 Ι
491 305 547 398 a,
631 274 846 344 surarum.
939 329 955 336 ,,

208 453 278 498 una
305 430 408 496 verbo
437 429 607 518 exprimit.
658 431 819 518 leianus
846 439 983 509 autem,
1018 427 1046 492 si
1077 446 1155 494 vera
1186 437 1277 494 esset
1363 447 1364 450 ¹

208 519 387 604 sosipatri,
414 516 747 604 ¹impraesentiarum
770 537 841 580 esse
856 514 993 578 dixisset
1017 535 1080 601 pro
1101 536 1276 600 praeseus

207 627 298 670 esse:
329 614 473 668 attamen
497 605 713 694 corruptione
734 602 888 668 laborant
911 600 1030 681 verba,
1057 622 1120 665 nea
1146 621 1277 690 suppe-

206 692 248 758 tit
266 689 365 754 ratis.
603 698 606 704 '

308 808 417 877 Apulei.
439 809 543 864 Fierid.
568 828 596 878 p.
610 806 685 874 1348,
711 807 737 862 5.
770 816 796 862 et
821 825 896 862 amar
915 813 1003 860 nester
1026 805 1274 876 impraesentiarum

102 896 108 912 ¹
182 932 188 944 ι
275 905 347 952 tenet
372 905 396 950 et
417 913 475 965 spes
502 897 676 966 Carthaginis
701 897 729 948 iu
746 901 875 964 'saturum
900 891 1019 962 spondet.
1047 893 1081 945 de
1106 893 1166 944 Dec
1190 894 1271 946 Socr.

275 1000 303 1051 p.
325 980 376 1047 52,
397 981 439 1036 22.
464 990 495 1036 ut
517 983 630 1035 monitus
645 987 825 1049 praecaveret,
853 979 979 1031 amitteret
1002 987 1091 1048 caepta
1108 979 1271 1048 impraesen-

274 1057 389 1133 tiarum,
423 1067 592 1138 punctatim
614 1067 653 1119 ael
673 1074 762 1136 pastea
785 1069 928 1132 capesseret
950 1063 990 1116 ael
1005 1065 1075 1116 'alia
1099 1063 1145 1116 aia
1172 1063 1271 1116 adari-

274 1161 357 1209 retur.
631 1154 632 1158 ’
717 1167 720 1171 ·
1025 1206 1031 1214 1
1322 1137 1324 1147 ’

168 1265 170 1274 “
199 1235 205 1246 ⁸
295 1255 413 1325 Apulei.
426 1253 531 1308 Florid.
548 1267 574 1321 p.
590 1249 651 1316 359,
667 1249 710 1304 3⁰.
731 1249 761 1303 id
775 1266 825 1320 ega
843 1249 1009 1320 quumaiias,
1027 1256 1091 1302 tum·
1101 1251 1184 1304 etium
1199 1269 1270 1304 nunc

210 1392 217 1414 .
272 1331 513 1412 impraesentiarum
528 1357 576 1392 usu
590 1337 714 1408 experior.
733 1351 759 1404 p.
773 1333 835 1400 355,
853 1335 896 1386 ll.
914 1353 941 1402 p.
956 1333 1018 1402 355,
1032 1333 1080 1387 28.
1157 1319 1164 1334 ²

283 1453 285 1458 '
308 1443 418 1514 Apulei.
440 1443 473 1496 de
494 1445 552 1497 Dec
576 1442 661 1496 Soet?
682 1435 775 1508 pse,
796 1435 822 1490 6.
848 1425 925 1508 atqui
947 1440 1005 1493 idea
1029 1439 1072 1492 iric
1092 1439 1129 1492 sit
1150 1438 1267 1508 imprae-

152 1527 179 1580 ,“
269 1532 420 1584 raetiarum.
442 1568 444 1575 .
1148 1533 1151 1540 ’

243 1646 248 1658 “
306 1631 417 1702 Apulei.
441 1631 557 1702 Apolog.
583 1633 610 1698 p.
624 1627 691 1694 316,
707 1627 734 1681 2.
750 1628 814 1697 quin
836 1625 859 1680 si
875 1627 928 1697 ipse
947 1629 1085 1696 pracausui
1097 1628 1265 1705 -interrpget,

271 1718 337 1788 quid
349 1719 384 1770 sit
399 1717 461 1770 deus
475 1734 560 1782 mens,
578 1717 675 1768 tuceta.
711 1716 749 1768 De
764 1713 867 1764 nemine
881 1720 913 1769 ut,
926 1715 1179 1781 impraesentiarum,
1198 1715 1264 1766 satis
1345 1729 1348 1734 “

185 1849 189 1864 ,
270 1805 334 1857 diri.
369 1801 611 1870 ltu10udeud0rp.
636 1817 662 1866 p.
677 1797 737 1851 aar.
763 1803 845 1866 atque
865 1798 1001 1866 explieat:
1029 1805 1110 1866 prout
1131 1814 1281 1866 praesens-

224 1923 226 1928 .
271 1894 379 1958 tompus
396 1887 537 1956 pascebat.
573 1883 761 1938 commatibus
785 1901 838 1934 uon
861 1899 929 1950 opus
949 1891 1006 1949 est,
1025 1883 1073 1936 red
1090 1884 1178 1935 verbu
1199 1887 1262 1936 suut

270 1973 417 2028 tituendae
438 1972 553 2036 tacebo,
570 1969 612 2022 uti
628 1970 662 2022 de
677 1968 787 2024 nomine
804 1967 1062 2051 impraesentiarum
1077 1966 1145 2041 satis
1160 1967 1227 2019 dixi.

305 2076 400 2130 Sidon.
423 2072 514 2142 Apuli.
538 2073 624 2142 Epist.
645 2071 680 2138 4,
695 2070 721 2138 t,
748 2073 791 2125 cui
808 2073 938 2126 Varrones
952 2075 991 2126 aei
1007 2073 1133 2124 Ataaima
1148 2072 1191 2124 acl
1208 2073 1259 2124 Το-

269 2161 369 2214 rentius
377 2159 459 2213 Plinii
466 2161 505 2212 aei
515 2160 658 2212 avunculus
666 2160 707 2218 ael
716 2159 852 2211 Secundae
867 2153 1002 2228 compositi
1014 2157 1259 2226 impraesentiarum

268 2247 472 2300 rusticabuntur.
503 2244 532 2298 h.
550 2260 574 2296 e.
594 2245 623 2296 in
638 2245 758 2314 jetaigen
781 2245 879 2298 Zeiten.
902 2243 936 2309 d,
954 2241 979 2296 6.
997 2244 1020 2296 si
1039 2243 1134 2295 ueteris
1151 2241 1259 2292 cammi-

269 2331 337 2395 iitii,
355 2332 379 2383 si
394 2331 512 2400 deinceps
525 2331 668 2382 innovatae
679 2345 728 2398 per
743 2329 798 2381 dies
814 2331 920 2398 gratiae
937 2329 998 2380 bene
1012 2327 1257 2396 impraesentiarum
1363 2337 1364 2358 t

262 2417 334 2484 fides
349 2425 436 2470 uestra
448 2417 639 2478 reminiscitur,
653 2419 768 2484 prosecta
782 2414 949 2484 intelligitis,
967 2420 997 2466 ut
1011 2429 1055 2464 aas
1078 2414 1114 2464 ad
1135 2411 1257 2481 dignita·

266 2508 340 2567 tam,
359 2503 396 2555 sic
419 2518 468 2554 nar
491 2501 527 2552 ad
551 2500 734 2552 desideriorum
761 2500 875 2553 eulmina
898 2498 1059 2551 adscendere.
1077 2496 1097 2550 i.
1113 2513 1137 2550 e.
1153 2497 1184 2550 in
1204 2495 1258 2549 hoc

256 2593 408 2656 dampere,
427 2583 456 2637 iu
473 2601 528 2654 qus
544 2583 698 2638 recordatio
720 2587 873 2639 amicorum
886 2599 952 2637 rara
968 2587 1018 2636 est.

269 2675 277 2698 ’
302 2687 433 2756 Vipiauar
449 2685 478 2738 ia
494 2684 616 2760 Digsffl,
632 2685 658 2752 8,
676 2687 703 2752 1,
717 2685 761 2740 15.
778 2690 883 2760 erigere
899 2695 986 2742 autem
1000 2683 1145 2738 cautionem
1166 2685 1257 2754 magi-
1363 2677 1364 2700 ¹

265 2778 367 2828 arara
388 2773 425 2824 ric
449 2779 564 2839 eportet,
584 2779 614 2824 ut
632 2773 731 2842 papilii
751 2790 839 2826 seruus
863 2781 910 2827 aut
930 2775 986 2844 ipse
1004 2771 1137 2844 pupillus,
1154 2769 1179 2821 si
1194 2769 1258 2836 scri

263 2863 345 2928 potest
365 2864 391 2910 ct
408 2855 650 2925 impraesentiarum
670 2864 723 2922 est,
740 2858 880 2927 stipuletur
903 2877 921 2912 a
944 2861 1084 2916 tutaritus.
1119 2855 1257 2911 Scriben-

162 2934 167 2949 '
265 2941 331 2995 dum
352 2939 478 3005 videtur,
501 2945 534 2994 ut
552 2937 581 2992 ia
603 2940 668 2994 edit.
692 2949 784 2996 senet.
807 2948 908 3006 exstat,
931 2943 961 2996 in
978 2945 1145 3014 praenestiae
1174 2941 1257 2998 sicuti

269 3026 357 3084 aare
372 3025 491 3083 iustitut-
506 3024 607 3094 1,'121.
625 3029 681 3082 nisi
690 3029 719 3081 in
730 3027 882 3100 praesentia
896 3028 959 3083 sint·
1052 3061 1058 3072 κ

539 3199 903 3313 IMPRIMIS.
956 3237 963 3250 ·

202 3399 206 3403 .
278 3343 324 3424 Ii,
345 3343 403 3429 qui
425 3343 527 3409 hodie
551 3345 719 3430 antiquam
741 3347 921 3414 verborum
946 3348 1146 3435 scripturam
1175 3357 1254 3436 ety-

95 3451 96 3457 ‘
194 3428 362 3518 molegica
392 3429 521 3500 ratione
545 3433 716 3496 restituere
746 3435 911 3517 gestiunt,
947 3433 1160 3498 mirabuntur
1194 3457 1253 3499 me

195 3514 313 3613 afferre
328 3514 523 3590 vocabulum
547 3535 729 3598 susurrus,
756 3521 848 3606 quod
872 3541 942 3585 esse
969 3517 1147 3584 debentia
1168 3521 1252 3605 pri—

192 3622 280 3666 mes.-
312 3601 596 3686 quemadmodum
619 3604 723 3669 critici
754 3607 789 3670 in
813 3605 925 3672 multis
948 3605 1040 3670 libris
1069 3627 1103 3670 se
1129 3627 1251 3670 emen-

181 3680 288 3774 vds‘sse
302 3687 498 3774 gloriantur.
519 3773 520 3776 Ἴ
542 3691 658 3754 Atusu
673 3693 853 3776 securitius
873 3713 1039 3779 perpenso
1065 3691 1131 3778 ipsi
1152 3691 1251 3756 vide·
1363 3757 1364 3760 ,

191 3771 285 3853 bunt,
310 3772 407 3838 verba
422 3775 460 3838 iu
468 3775 597 3862 primis
614 3775 713 3842 etiam
728 3776 873 3844 adverbii
889 3787 1040 3842 naturam
1058 3787 1155 3862 atque
1173 3775 1250 3842 for·
1363 3783 1364 3792 ’

190 3879 282 3926 mam
304 3857 467 3944 induisse,
487 3862 628 3962 ideoque
652 3862 685 3928 iu
707 3884 775 3928 uno
798 3864 959 3930 vocabulo
987 3863 1165 3928 coniuncta
1189 3865 1250 3931 uni

190 3945 339 4010 accentui
356 3932 456 4022 fuisse
472 3947 682 4014 subiicienda.
727 3949 871 4031 Quando
890 3950 924 4014 id
939 3949 1063 4020 iactum
1087 3948 1147 4031 sit,
1170 3970 1248 4015 non

189 4041 303 4117 potest
328 4042 475 4099 accurate
496 4033 643 4100 definiri:
675 4033 829 4105 Ciceroni
851 4035 1007 4101 usitatum
1029 4033 1150 4114 fuisse,
1167 4033 1247 4116 ¹de-

189 4115 313 4184 clarant
326 4119 486 4209 {exempla
500 4142 571 4216 nou
585 4143 690 4210 pauca
708 4130 740 4188 et
754 4122 791 4187 iis
813 4121 853 4190 iis
873 4119 986 4190 forma
1001 4119 1247 4210 imprimisque
