2712 4738
219 287 259 388 si
591 262 717 412 quen.
745 311 872 380 -snsnr,

216 474 323 543 Etiam
339 469 480 554 Scaliger
496 458 635 533 innotis
658 447 699 533 id
722 467 863 532 Varrcn.
884 465 996 556 Etym.
1022 488 1056 554 p.
1077 467 1149 532 281.
1171 463 1246 554 Bip.

218 560 326 641 „qauz
356 555 442 620 unde
466 553 561 636 χθὲς,
595 554 667 618 laesi
695 564 808 640 postca
839 552 953 617 turtf‘
1002 553 1247 617 Lindemannus

218 657 327 710 autem
346 641 379 704 in
403 643 487 704 notis
513 639 554 704 sd
576 639 707 704 Festum
734 661 769 725 p.
791 636 865 699 446.
888 638 1076 702 sanseritam
1104 638 1249 707 formam

218 725 481 812 laiussnppcnit,
513 724 618 802 unde,
645 733 769 786 mutata
790 742 805 782 s
828 723 861 784 in
887 743 922 798 r,
952 734 985 787 ct
1005 724 1128 787 adiecto
1151 723 1164 785 i
1186 722 1248 784 de·
1347 723 1348 728 ’

217 811 430 878 monstrativo
455 807 578 872 factum
596 808 638 872 sit
659 807 768 882 uiuri,
789 805 878 904 quod
892 799 989 872 hodic
1008 827 1139 892 quoque
1161 803 1248 894 apud

219 898 317 962 Italos
333 905 428 959 sonet
440 894 529 957 laieri
537 917 548 968 3
569 892 650 957 illud
671 904 778 956 autem
793 915 806 953 t
820 889 915 956 finale
929 895 1077 956 transiise
1093 893 1126 954 in
1151 913 1188 970 e,
1212 901 1250 954 ut
1347 951 1348 976 q

217 984 252 1049 in
264 979 423 1067 peregri,
438 1000 596 1064 peregre»
637 977 751 1062 Neque
777 976 856 1039 haec
881 978 984 1060 aliena
1007 1001 1074 1042 esse
1090 975 1250 1040 videntur.

217 1069 341 1134 Littera
356 1088 372 1126 s
390 1063 522 1149 quidem
538 1064 573 1124 in
588 1061 652 1124 hoc
670 1061 827 1125 vocabulo
842 1064 1006 1146 primitiva
1023 1063 1106 1131 redit
1128 1063 1163 1124 in
1189 1061 1250 1124 lte-

216 1165 358 1216 stcruus.
399 1151 505 1232 Atque
520 1147 583 1210 hnc
599 1147 696 1210 'etiam
711 1146 872 1233 pertinet,
895 1147 984 1232 qnod
1000 1145 1180 1234 Hesychius
1194 1165 1249 1212 re-
1347 1145 1348 1232 J

130 1315 132 1333 „
217 1236 300 1315 fert,
320 1234 416 1299 Eleos
432 1255 495 1320 pro
515 1232 587 1314 χθὲς
609 1231 727 1295 dixisse
744 1228 838 1313 σερός.
873 1295 877 1304 ,
1005 1237 1011 1242 ’

318 1349 371 1405 Vix
390 1365 490 1418 operae
504 1351 621 1418 pretium
636 1355 676 1402 est
687 1362 733 1403 eos
748 1361 968 1412 commemorare,
983 1348 1030 1417 qui
1043 1351 1101 1402 ltere
1116 1351 1151 1402 eb
1168 1353 1253 1413 liorem

232 1500 235 1506 ,
286 1436 306 1490 l.
322 1455 346 1488 e.
371 1437 487 1502 haereo,
512 1433 609 1486 deduci
630 1435 761 1486 maluere.
804 1435 858 1486 vid.
876 1433 981 1500 Apulei.
1005 1433 1038 1484 de
1054 1434 1184 1502 Orthcgr.
1209 1433 1255 1486 18.

283 1519 396 1574 Memini
412 1520 476 1572 [rex.
504 1520 537 1574 T.
555 1519 580 1570 1„
602 1535 628 1586 p.
645 1516 705 1571 551.
739 1518 868 1586 Apuleius
885 1517 960 1571 sctit
980 1519 1050 1569 hacc
1071 1516 1175 1582 inepte:
1195 1518 1256 1568 lteri

287 1605 347 1655 tude
360 1604 488 1672 perhibent
502 1605 613 1665 dictum,
629 1605 689 1670 quin
703 1604 832 1657 octauam
844 1604 898 1656 dics
912 1603 1034 1656 hodierno
1045 1601 1182 1654 -eolmereat
1197 1599 1259 1652 sine

267 1687 335 1739 dici
348 1687 454 1743 aterius
468 1687 681 1756 interpellatione.
709 1712 712 1716 ·

171 1879 178 1898 x
301 1805 351 1873 Dc
382 1805 488 1873 forma
511 1831 629 1896 magna
651 1817 719 1874 erat
751 1809 850 1872 inter*
865 1813 987 1872 veteres
1021 1799 1251 1896 grammaticos

217 1895 452 1958 controversia.
495 1894 713 1974 Quintilianus
736 1894 780 1957 ait
803 1899 838 1968 1,
855 1897 894 1970 7,
910 1898 963 1956 22.
991 1892 1091 1956 dere
1118 1911 1207 1954 nunc
1226 1907 1250 1953 Ε

59 1983 63 1988 '
110 1997 139 2052 ſs
216 1981 334 2044 littero
354 1978 593 2042 terminamus.-
622 1987 661 2043 ot
683 1990 827 2044 osterum
843 1978 1046 2040 comicorum
1069 1973 1182 2038 odlauc
1203 1974 1249 2036 li-

208 2059 286 2126 'tris
302 2062 433 2125 invenio
455 2063 552 2127 lteri
573 2062 711 2127 adme
734 2064 874 2128 venit:
897 2061 985 2148 quod
1007 2060 1099 2124 idem
1116 2061 1153 2123 iu
1175 2059 1249 2144 epi·

216 2147 313 2212 stolis
329 2147 494 2231 Augusti,
517 2169 599 2234 quos
615 2170 679 2212 suo
694 2171 797 2210 manu
812 2147 949 2230 scripsit
971 2157 1033 2209 out
1047 2143 1248 2231 emendarit,

217 2231 491 2316 deprehenditur.
538 2231 627 2317 Ergo
653 2231 846 2320 Quintiliani
869 2241 1018 2317 tempore
1042 2250 1109 2292 nna
1141 2227 1248 2292 forms

220 2317 298 2382 licre
315 2317 424 2379 nescio
440 2338 481 2382 an
495 2319 664 2382 communi
681 2338 751 2380 ,usu
764 2315 962 2382 servabatur.
1006 2315 1117 2378 Postea
1139 2322 1249 2378 tamen

199 2400 638 2484 'antiquiorformaiterum
656 2403 785 2468 revixit.
825 2403 894 2466 Nos
912 2411 1019 2476 autem
1035 2421 1123 2462 nunc
1146 2419 1188 2462 ne
1213 2399 1249 2462 in
1318 2403 1322 2407 “

219 2486 423 2552 comicorum
454 2487 589 2574 quidem¹
625 2487 717 2552 libris
748 2487 918 2572 antiquum
945 2502 1041 2548 nsum
1075 2503 1250 2570 agnoscere

244 2591 411 2636 essemus:
433 2595 509 2636 nam
525 2568 648 2654 codices
662 2573 774 2654 scripti
792 2583 824 2634 et
839 2575 1011 2654 utramque
1027 2568 1173 2652 formem
1190 2589 1250 2634 ex-

216 2595 332 2724 iibent
349 2666 380 2719 et
394 2657 428 2718 in
446 2657 595 2742 plurimis
618 2657 700 2720 locis
717 2657 917 2742 discrepant,
941 2675 1048 2752 neque
1071 2676 1167 2736 vero,
1193 2650 1251 2742 ulti

217 2740 442 2817 consentiunt,
472 2742 548 2806 lieri
569 2738 804 2817 restituendum
828 2741 910 2818 erit,
940 2739 1002 2810 nisi
1022 2739 1249 2804 Lindemanno

216 2825 481 2898 concesserimus,
499 2827 596 2893 ctiam
611 2827 625 2890 i
639 2821 779 2904 litterum
795 2819 927 2910 corripi,
953 2833 985 2888 et
1003 2825 1154 2914 deripio
1171 2839 1249 2890 mo·

195 2943 198 2952 ¹
216 2909 393 2997 nosyllabu
411 2908 524 2999 accipi.
567 2911 649 2976 Vide
666 2911 761 2996 illum
776 2909 815 2974 ad
833 2909 939 2974 Plauti
955 2909 1047 2996 Capt.
1066 2917 1094 2985 1,
1109 2915 1139 2986 2,
1155 2915 1185 2974 2„
1206 2907 1251 2974 sd

215 2993 336 3083 Amph.
354 3001 389 3076 1,
405 3001 443 3073 8,
460 2999 512 3064 16.
554 2993 619 3082 Sed
641 2994 710 3062 Mil.
734 3001 770 3074 1,
788 3001 824 3077 1,
848 2999 900 3059 60.
929 2993 998 3080 ipse
1019 2989 1146 3083 scripsit
1168 2993 1251 3082 quid

216 3081 295 3146 lacre
312 3076 470 3148 dixerunt
485 3075 571 3148 titi?
611 3076 675 3146 Sed
690 3099 789 3147 sonus
809 3079 969 3146 vocalium
988 3079 1060 3166 ipse
1081 3089 1150 3145 erat
1174 3101 1250 3144 am-

215 3165 344 3252 biguus.
385 3167 470 3232 Nem
493 3170 581 3233 idem
596 3168 814 3249 Quintilianus
831 3171 860 3246 1,
876 3163 907 3248 4,
922 3169 953 3228 8.
978 3185 1079 3228 conus
1098 3171 1142 3214 'v-
1157 3176 1196 3228 et‘
1211 3165 1249 3228 in

216 3251 295 3316 here
309 3269 414 3339 ,neque
428 3269 449 3314 u
462 3249 567 3334 plone
582 3275 686 3336 neque
700 3267 715 3315 1
728 3251 879 3316 auditur.
923 3249 1036 3328 Quare
1055 3260 1170 3336 poetae
1185 3249 1247 3312 hac

216 3334 347 3399 licentia
365 3337 412 3398 uti
434 3335 581 3398 solebant
605 3337 644 3396 ad
668 3347 811 3399 metrum
833 3331 1121 3397 conformandum.
1164 3335 1248 3397 Hinc

214 3419 397 3484 Priscianus
417 3439 451 3502 p.
470 3424 560 3482 1011.
602 3414 646 3482 In
669 3435 684 3480 1
712 3440 835 3506 quoque
858 3417 1048 3482 desinentia
1071 3421 1248 3482 inueniun-

215 3514 273 3567 tur
296 3501 475 3578 adsertio,
512 3501 571 3566 sed
588 3525 707 3590 pauco
732 3501 929 3588 primitiva,
965 3515 1002 3566 ut
1032 3505 1142 3576 lteri,
1179 3503 1247 3583 ubi,

108 3594 118 3599 ’
215 3585 277 3654 ibi·
319 3587 457 3653 Dicitur
472 3598 586 3651 tomen
605 3601 637 3652 et
660 3589 770 3652 ltere.
814 3587 981 3665 quenalis
1000 3589 1075 3652 ini.
1115 3589 1197 3676 (Sat.
1216 3595 1246 3668 3,

215 3671 298 3755 28.):
321 3695 374 3737 res
397 3673 497 3738 hodie
513 3674 631 3737 minor
646 3685 712 3754 est,
733 3675 810 3738 tere
833 3695 934 3760 quom
952 3673 1043 3762 suit,
1065 3685 1102 3738 ot
1124 3697 1165 3738 ue
1184 3698 1247 3738 eu-

215 3756 293 3822 dem
310 3779 388 3822 orus
405 3758 531 3823 deteret
553 3759 685 3844 exiguis
701 3757 842 3844 aliquid.
872 3757 1034 3832 Horatius
1054 3698 1246 3824 1111811-

148 3866 150 3874 ’
187 3907 189 3915 ,
215 3863 353 3907 trionum
369 3845 413 3928 (2,
430 3849 460 3924 8,
475 3843 539 3932 3.)·:
554 3867 642 3908 uam
656 3839 740 3907 milii
755 3845 925 3908 concisum
938 3844 1112 3928 quaerenti
1127 3843 1247 3908 ductare

215 3926 312 4008 here,
333 3929 406 3992 illic
423 3927 465 3994 cte
477 3930 587 3992 medio
598 3940 723 4014 potore
740 3928 805 3992 die.
846 3928 914 3992 Alia
939 3929 1088 4014 exempla
1107 3929 1247 3992 contulit

215 4013 393 4079 Burmann.
409 4015 449 4077 ad
465 4016 614 4102 Propert.
631 4020 662 4094 2,
681 4017 729 4090 18,
749 4021 777 4077 1.
818 4014 857 4074 At
874 4015 1074 4098 grammatici
1089 4035 1129 4078 cx
1149 4035 1245 4078 more

116 4123 119 4128 ·
215 4119 277 4164 sun
290 4121 359 4164 non
374 4099 562 4180 dubitarunt
578 4099 737 4166 diversam
759 4101 953 4185 scripturam
974 4097 1015 4162 ad
1038 4099 1243 4186 distinguen-
1269 4183 1272 4190 Ι

493 4360 763 4460 1η,1
