2738 4730
497 255 671 361 „lN-
748 301 751 306 -
1103 268 1165 332 251
1248 319 1276 349 „

91 475 99 488 Ι
205 405 299 466 Huius
312 408 422 480 generis
440 409 567 477 exemplu
591 408 695 463 austra
720 409 837 478 quoerce
860 410 887 464 in
913 412 1056 480 Ciceronis
1077 415 1165 472 libris.

113 554 117 570 ι
172 493 224 548 lllo
249 513 316 548 vero
337 493 405 548 dixit
428 496 457 548 ln
475 512 606 564 pmcne,
632 495 704 566 quod
721 494 803 548 aliter
822 497 869 548 eol>
889 490 1165 565 perconaldicebatnr.

175 597 202 647 p.
219 578 493 645 annectimur.
511 580 557 648 qm·
573 597 653 648 quom
676 582 707 632 od
724 598 777 633 rem
799 581 922 634 Rosciam
942 585 1051 638 similem
1070 589 1111 640 nai
1133 589 1163 640 in

173 666 275 730 fronde
291 673 317 719 et
329 666 435 720 molitio
453 665 622 728 existimarit,
641 666 708 716 citit
721 667 844 732 videtur,
860 667 911 726 uiri
918 671 992 734 forte
1007 672 1073 736 qood
1085 689 1163 740 proc·

171 749 240 801 clare
263 750 331 800 dunc
348 749 450 801 imitari
463 767 489 802 ee
511 747 671 817 in'pcreonn
694 750 795 802 lenonie
812 751 1002 805 animadvertit.
1037 756 1072 807 od
1083 751 1161 810 Fur'n.
1244 769 1247 773 '

169 831 196 898 7,
210 831 253 896 33,
268 831 293 884 0.
311 835 377 886 milti
391 835 462 886 eadm
484 834 630 886 iudicatum
654 841 692 886 eet
709 859 744 875 ·-
762 837 888 902 deponere
908 835 982 887 illam
1006 839 1061 890 iam
1073 857 1161 908 pereo-
1214 855 1217 858 '

169 936 241 983 anm,
262 920 292 970 in
308 935 359 986 pua
373 936 413 970 me
427 935 502 985 saepe
519 918 559 968 itti
571 917 622 986 iper'
636 919 755 986 produci.
789 918 866 970 Loel.
882 917 925 984 25,
941 917 984 971 03.
1001 923 1028 974 ia
1042 924 1160 977 Goeller·

128 1031 130 1040 ι
169 1005 211 1056 nie
227 1020 350 1072 perenna.
370 1001 419 1052 uni
435 1000 489 1052 vid.
506 1001 641 1054 Illotuiue.
664 1003 797 1056 'Fortasse
812 1002 899 1056 etiam·
911 1006 1081 1060 restituenda
1096 1013 1158 1062 sunt

169 1088 197 1140 in
213 1089 285 1139 hunc
299 1086 409 1138 modum
423 1086 510 1138 verba
533 1103 562 1152 p.
577 1085 652 1138 carol.
669 1086 713 1152 13,
728 1087 770 1140 dl).
787 1097 847 1142 enat
861 1097 948 1142 autem
971 1092 1022 1143 duo
1045 1095 1158 1149 crimina

171 1173 232 1223 anri
254 1179 278 1223 ot
299 1171 389 1222 veneni
396 1190 405 1222 .·
438 1171 467 1221 in
488 1171 581 1239 quidun
606 1191 662 1234 ono
692 1180 768 1247 alpne
791 1173 881 1224 endem
904 1191 1014 1241 persorm
1037 1186 1157 1246 urgant.

168 1255 299 1322 Suspicor
316 1254 459 1322 equidem:
485 1255 577 1323 quinae
591 1255 618 1332 ip
634 1273 688 1307 unu
707 1265 783 1325 atque
799 1259 890 1320 eadem
899 1274 1009 1324 perrona
1024 1280 1050 1312 u.

201 1361 244 1411 De
258 1356 359 1410 omissa
374 1355 573 1425 praepositione
589 1357 654 1410 vido
676 1352 840 1426 interpreter
859 1359 894 1412 od
909 1359 1033 1428 Propert.
1050 1362 1076 1429 1,
1090 1363 1117 1430 2,
1129 1367 1155 1420 2.

169 1435 347 1510 Oudendorp.
359 1444 393 1496 ad
409 1442 519 1510 tipuleii
533 1444 600 1496 Met.
618 1461 644 1512 p.
659 1441 716 1496 85.Δ
1098 1462 1100 1465 ·

183 1601 238 1660 20.
262 1587 479 1660 Grammatici
495 1606 626 1675 errant,
652 1615 753 1682 quum
772 1593 892 1660 docent
909 1620 926 1662 a
941 1587 1047 1686 poetis
1064 1608 1154 1663 veto·
1177 1635 1179 1640 ,

50 1741 52 1746 .
101 1681 194 1746 ribus
212 1682 305 1745 adiici
323 1682 606 1768 praepositionem
627 1681 843 1751 abundantiae
854 1693 909 1746 aut
924 1683 1038 1772 copiae
1060 1703 1155 1748 caus·
1200 1701 1203 1722 '

100 1790 134 1830 sa
161 1767 195 1830 in
217 1768 273 1842 iis,
306 1789 388 1851 quae
412 1767 637 1830 conditionem
664 1767 798 1830 alicuius
828 1768 974 1847 hominis
998 1767 1180 1846 indicant·

99 1853 176 1916 Vid.
199 1853 392 1936 Markland.
418 1853 504 1938 apud
527 1853 716 1919 Burmann.
751 1851 791 1915 ad
815 1855 964 1940 Propert.
993 1860 1028 1930 1,
1048 1861 1084 1934 1,
1102 1861 1153 1920 20.
1231 1881 1233 1884 ·

100 1938 318 2024 Oudendorp.
335 1938 373 1999 ad
392 1937 520 2024 Apuleii
533 1939 669 2002 Metam.
685 1949 722 2025 p.
741 1937 794 2002 84.
811 1963 843 2026 p.
859 1941 933 2004 754.
955 1939 1098 2022 Silligius
1114 1941 1154 2004 ad

98 2023 217 2108 Virgil.
236 2024 301 2096 Cir.
321 2025 393 2084 109.
437 2025 478 2084 At
495 2035 669 2108 poetarum
686 2033 733 2086 cst
749 2024 805 2088 lex
822 2036 853 2088 et
870 2026 1093 2103 consuetudo,
1116 2037 1153 2090 ut

50 2147 52 2150 -
94 2131 148 2171 res
166 2117 242 2170 aute
262 2107 375 2170 oculos
391 2106 452 2168 sibi
470 2107 750 2198 aliisque‘pouant
775 2121 805 2172 ct
821 2113 972 2174 notiones
996 2111 1097 2174 animi
1116 2114 1160 2174 in

95 2193 464 2278 imaginesiconspicuas
482 2203 620 2257 mutent.
664 2195 817 2280 Virgilius
835 2215 938 2281 quum
952 2196 1050 2258 dicit:
1071 2209 1152 2260 ante
1182 2253 1185 2258 .

95 2279 187 2343 alico
209 2277 266 2366 qui
290 2289 370 2340 lunc
397 2275 543 2362 florebat
569 2279 758 2360 inermia,
791 2281 940 2344 Minoem
962 2281 1073 2366 ipsum
1097 2283 1152 2344 in-

95 2361 216 2428 cedere
249 2363 397 2428 videmus
427 2363 526 2426 armis
561 2375 730 2426 ornatum.
789 2365 904 2428 Neue
936 2365 1178 2436 abundantiae.

95 2429 283 2514 tribuainus
301 2447 398 2514 verba
417 2447 592 2536 Sophoclis
603 2449 690 2512 Aiac.
707 2451 781 2512 488.
799 2389 961 2524 adimaros
976 2451 1008 2512 ἐν
1023 2451 1151 2538 πλούτῳ.

95 2537 282 2622 Scriptores
313 2535 533 2598 recentissimi
559 2534 647 2615 aevi,
672 2535 836 2621 poeticam
858 2533 1076 2599 imitationem
1100 2535 1152 2600 af·
1230 2553 1234 2563 ‘

92 2619 272 2698 sectantes,
311 2617 504 2682 etiam'hac
540 2620 681 2683 dictione
709 2620 855 2684 delectati
890 2631 978 2685 sunt.
1038 2622 1151 2700 Quare

92 2705 389 2776 Drakenborchius
408 2727 526 2790 genera
546 2706 673 2770 dicendi
697 2728 766 2769 non
792 2706 870 2770 satis
892 2717 1063 2794 perspecta
1087 2707 1150 2778 ha-

18 2799 20 2804 ’
93 2791 215 2868 bebat„
260 2812 366 2878 quum.
400 2793 529 2856 Livium
574 2791 788 2856 contenderet
827 2792 967 2856 scribere
1004 2795 1161 2879 potuisse

93 2879 130 2957 5,
148 2883 208 2960 34,
225 2881 258 2942 8.
279 2899 317 2940 m
338 2875 480 2940 navibus
506 2900 529 2938 α
553 2877 715 2942 Plrocaea
737 2876 897 2964 profecti.
939 2879 1050 2941 Potuit
1074 2879 1150 2962 qui-

92 2963 178 3038 dem,
204 2961 265 3028 sed
283 2963 452 3048 poeticum
470 2971 563 3025 esset.
607 2964 702 3026 Ovid.
721 2964 791 3027 Art.
812 2963 930 3042 1,·214.
953 2975 1098 3048 quatuor
1113 2964 1170 3026 in·

93 3051 199 3114 niveis
218 3069 344 3114 uerrere
361 3044 432 3110 this
457 3046 560 3132 equis.
603 3045 747 3111 Martial.
772 3053 811 3124 3,
829 3049 880 3110 47.
900 3046 1005 3130 plenta
1018 3047 1150 3110 Basore

92 3133 165 3200 ibat
184 3136 223 3199 in
239 3131 364 3198 rlcecla.
408 3135 449 3196 At
472 3153 540 3194 non
566 3131 763 3195 mirabimur
784 3131 959 3216 Apuleium
983 3133 1157 3219 scripsisse,

92 3221 171 3284 Met.
191 3228 243 3286 ll.
267 3241 301 3306 p.
328 3220 402 3282 264.
429 3222 479 3280 12.
504 3221 551 3303 (p.
570 3221 645 3281 788.
670 3217 771 3302 Outl.)
796 3219 961 3280 comitare
986 3239 1150 3304 pompam

92 3306 269 3371 inornate
308 3305 413 3367 rada.
439 3301 1149 3388 1100911001.ρ.7.7,ῐιιῑιιοεείι1ενεα
1260 3329 1264 3332 ·
1321 3377 1324 3385 ,

90 3393 227 3459 ardere.
304 3387 327 3453 f.
346 3389 483 3455 Miscell.
504 3387 674 3471 Observat.
697 3387 738 3452 T.
755 3389 811 3452 lV.
835 3413 867 3478 p.
886 3393 957 3452 152.

191 3511 323 3578 Propert.
336 3509 370 3574 1,
386 3509 420 3574 2,
435 3509 460 3560 0.
478 3509 507 3561 ia
525 3509 637 3578 propriis
657 3509 773 3560 membro
795 3509 877 3561 nitere
903 3509 982 3562 botrie.
998 3508 1040 3572 .1,
1058 3509 1090 3572 1,
1104 3480 1146 3563 20.

153 3597 237 3679 'labor
253 3596 284 3646 ia
299 3595 410 3664 magicae
426 3611 506 3646 sacro
522 3595 600 3662 piane
609 3593 687 3660 focis.
858 3658 859 3664 ¹
896 3669 897 3673 Ἰ
1023 3661 1026 3665 .
1079 3633 1082 3645 .

143 3700 145 3702 ’
192 3695 303 3763 Apulei.
325 3698 392 3749 Mei.
409 3696 435 3748 2.
460 3713 486 3763 p.
502 3693 570 3761 115,
590 3692 634 3751 24.
663 3696 731 3748 aeoli
752 3697 780 3748 ia
801 3696 924 3764 adspecta
947 3697 1080 3748 micantes.
1105 3694 1147 3754 11,
1169 3691 1172 3701 “

157 3800 184 3850 p.
199 3781 265 3844 263,
282 3779 325 3833 85.
346 3783 375 3833 ia
391 3783 503 3834 damano
518 3781 572 3832 inca
581 3797 636 3834 meo
649 3783 774 3856 adepectu
790 3781 921 3833 attonitae.
947 3780 1002 3832 vid.
1018 3778 1159 3831 Pricaeus·

158 3885 186 3934 p.
203 3865 249 3917 71.
267 3871 295 3917 et
314 3883 339 3933 p.
356 3865 417 3918 081.
438 3864 549 3934 Sciopp.
572 3865 652 3935 Suep.
677 3866 753 3918 nect.
773 3865 809 3929 2,
830 3863 871 3925 12.
896 3866 963 3919 Met.
986 3862 1012 3915 0.
1043 3881 1068 3930 p.
1089 3861 1148 3914 232.
1172 3831 1174 3836 ¹

159 3948 233 4018 (656.
250 3949 336 4020 Oud.)
356 3952 410 4006 iam
426 3951 471 4005 ltin.
482 3951 507 4004 in
522 3950 623 4020 poculis
639 3950 735 4006 motolo
749 3950 942 4027 altercaptttue.
968 3949 1016 4002 ubi
1028 3945 1149 3999 Oudend.

160 4040 189 4089 et
207 4051 235 4106 p·
254 4033 298 4088 22·
1049 4038 1051 4042 ’
