2812 4732
63 300 301 382 Qeus
540 347 542 354 ,
711 269 794 362 tu.

336 447 479 502 Interdum
503 446 643 501 adtectira
663 447 722 501 eino
744 449 807 504 stunt
829 452 962 517 naturae,
986 455 1018 505 nt
1040 452 1123 508 simul
1149 457 1288 516 notionem

303 533 365 588 finis
387 533 447 586 sive
470 538 582 586 eventus
610 550 767 602 expressam
793 535 936 590 videamus
957 539 1176 606 praepositiones
1204 547 1288 600 veluti
1373 553 1374 562 ’

301 623 393 687 firmus
407 621 435 671 iu
453 620 564 687 aliquid.
599 617 696 671 Seuec.
713 619 801 688 Epist.
823 619 874 688 99,
896 622 939 678 12.
963 626 1003 678 itu
1024 627 1093 678 aiiii
1105 629 1228 702 perdidit
1246 632 1288 686 iiie

256 779 258 786 Α
297 706 353 758 'crisi
366 707 453 760 deam
467 705 495 776 irs
510 706 637 758 domnum
653 705 796 760 certiorem.
1167 713 1169 718 '

245 886 247 892 ·
279 907 286 920 N
318 847 372 908 23.
399 841 467 923 Qui
483 805 612 928 agendo
631 840 755 927 aliquid
773 841 932 928 consequi
948 854 1003 908 aut
1019 843 1149 912 efficere
1172 850 1287 931 tendit,

108 1020 112 1030 s
141 997 144 1003 ,
231 927 271 993 ad
290 929 323 992 id
340 929 465 992 accedit
481 931 563 994 etin
583 951 655 992 eam
671 949 745 991 rem
759 950 794 992 se
812 931 984 996 convertit.
1025 933 1096 1016 Hoc
1113 955 1185 1000 essa
1209 948 1286 1022 pot-

232 1025 281 1078 est
295 1013 375 1113 111ιὶ3Ι
389 1025 445 1078 aut
461 1024 607 1082 euentus.
627 1059 628 1062 κ
651 1015 837 1102 Vtrumque
861 1038 922 1104 per
943 1019 1229 1107 praepositionem
1250 1023 1286 1088 io

208 1152 211 1156 .
232 1110 445 1188 exprimitur.

314 1226 402 1293 Finis
416 1235 554 1291 notatur
568 1228 815 1315 praepositione
832 1229 889 1304 in,
910 1229 969 1294 ubi
983 1253 1035 1296 res
1054 1207 1229 1315 definitur,
1247 1235 1284 1298 ad

231 1333 332 1398 quam
351 1311 474 1397 aliquid
489 1325 705 1398 promovetur
721 1315 771 1381 vel
787 1313 947 1403 procedit.
978 1317 1055 1400 Quo
1067 1317 1171 1384 modo
1188 1321 1286 1386 etiam

217 1410 385 1464 'eventum
405 1398 638 1486 significamus.

329 1521 429 1573 Horat.
448 1519 508 1574 art.
529 1493 602 1588 poeti
615 1519 641 1574 3.
663 1528 752 1572 otruor
775 1519 875 1573 derium
896 1520 926 1573 ia
946 1521 1050 1590 piscem.
1086 1521 1183 1578 Senee.
1207 1526 1283 1582 cons.

218 1627 235 1664 s
262 1635 265 1642 ·
296 1603 326 1658 iu
340 1605 426 1658 Marc.
441 1603 469 1670 2,
484 1603 509 1658 1.
530 1623 548 1656 a
560 1607 704 1676 praeceptio
721 1606 832 1676 incipere
847 1633 882 1644 -·
900 1613 925 1659 et
940 1606 967 1658 in
981 1609 1098 1676 coempto
1114 1611 1239 1666 desinere.

336 1708 418 1777 Vsque
431 1709 461 1760 ire
480 1706 572 1760 neseio
595 1726 630 1762 an
652 1714 762 1776 practer
776 1709 887 1762 Celsum
908 1727 989 1762 neruo
1010 1709 1110 1765 dixerit
1132 1729 1184 1784 pra
1206 1733 1283 1784 mque

262 1803 266 1816 ⁴
296 1793 342 1846 ud.
376 1794 427 1846 1110
448 1791 515 1859 8,1.
533 1795 628 1864 duplos
645 1812 724 1864 aspare
738 1795 765 1845 'io
781 1795 898 1846 verticem
913 1813 931 1846 a
940 1801 1033 1863 fronte
1050 1805 1096 1850 est.

332 1895 424 1950 Tacit.
441 1897 509 1950 Anu.
525 1896 550 1961 1,
567 1892 609 1948 57.
632 1913 714 1966 neque
733 1897 803 1951 uicto
825 1897 854 1949 iu
877 1897 1015 1966 lacrimae,
1039 1915 1120 1969 neque
1142 1919 1203 1956 voce
1223 1921 1283 1974 cup·
1373 1887 1374 1890 Ἴ

293 1983 362 2054 pier.
379 1981 398 2034 i.
416 1997 440 2034 a.
459 1999 494 2033 zo
516 1981 650 2034 Tlsrrinea.

313 2117 366 2204 24.
396 2117 482 2181 Hinc
508 2115 542 2180 id
569 2113 901 2203 designatur‚'quod
929 2127 1116 2184 extremum
1141 2129 1213 2202 est,
1233 2119 1281 2186 vel
1373 2169 1374 2204 3

226 2203 408 2278 terminus,
446 2201 487 2266 ad
520 2222 620 2289 quem
649 2224 701 2267 res
725 2201 777 2270 vel
800 2203 995 2291 producitur
1021 2205 1072 2269 vel
1097 2207 1278 2271 reducitur:
1373 2209 1374 2276 ἶ

142 2315 146 2331 f
229 2287 321 2376 quod
345 2287 503 2354 Germani
536 2287 730 2356 dicuntfbie
754 2311 807 2355 zu.
859 2291 932 2355 Hoc
958 2290 1061 2356 modo
1085 2292 1279 2358 terminatur
1373 2295 1374 2298 ’

227 2375 384 2442 modulus
400 2385 432 2440 et
449 2395 618 2440 numerus.

274 2482 278 2499 ¹
329 2495 451 2549 Velleius
465 2497 527 2549 Pat.
543 2493 569 2559 2,
584 2492 629 2560 85,
644 2491 669 2546 4.
696 2493 835 2564 desperatu-
848 2495 954 2548 victorio
970 2495 997 2548 ia
1015 2502 1125 2548 mortem
1139 2497 1279 2557 dimicato-
1373 2527 1374 2530 =

296 2589 349 2634 tur.
382 2580 409 2646 4,
425 2579 468 2632 45.
485 2582 509 2632 is
521 2587 666 2648 praetorem
682 2607 717 2616 -
736 2595 787 2632 cmo
804 2583 910 2633 uulnere
923 2583 952 2632 io
961 2588 1067 2635 mortem
1084 2582 1186 2648 offecit.
1202 2579 1279 2646 att.

297 2684 359 2734 qnos
370 2665 527 2734 principium
542 2664 643 2732 stragis
657 2663 684 2713 in
696 2672 801 2736 mortem
819 2666 963 2733 afflixerat.
992 2663 1117 2733 Egregia
1135 2671 1178 2718 est
1191 2683 1278 2718 emen-

294 2750 369 2803 datio
385 2751 420 2802 ub
436 2746 561 2799 Acidalio
583 2747 658 2800 iacta
679 2745 708 2799 in
731 2745 851 2800 eiusdem
874 2749 967 2804 Taciti
988 2752 1058 2803 Anu.
1084 2751 1135 2816 lt,
1156 2749 1183 2802 8.
1207 2743 1278 2820 prior

171 2823 175 2830 ’
268 2835 457 2889 ‘trierarchus
469 2832 538 2902 fusti
553 2839 635 2901 ceput
649 2831 704 2885 eius
728 2835 828 2902 afflixit
849 2836 878 2888 ia
900 2844 1019 2890 mortem.
1056 2836 1209 2888 Centurioui
1229 2840 1278 2886 etc.

296 2921 328 2976 Si
349 2918 462 2973 Tacitus
484 2917 654 2986 scripsisset,
678 2919 750 2987 qaod
771 2920 858 2989 vulgo
876 2903 1092 2994 legitnrsquam
1117 2920 1146 2972 in
1172 2927 1279 2972 morteto

295 3007 437 3062 centurioni
455 3010 507 3058 etc.
536 3005 652 3057 absurde
673 3013 812 3058 narrasset
829 3023 889 3059 rem
911 3023 964 3060 non
986 3021 1092 3060 veram.
1126 3004 1278 3074 Agrippina

259 3101 264 3106 “
294 3091 368 3146 euim
383 3107 436 3142 nou
454 3095 513 3142 erat
527 3091 718 3159 strangulata,
737 3080 785 3144 scd
807 3091 874 3144 iusti
889 3090 953 3143 ictu.
989 3091 1079 3145 Tacit.
1098 3090 1167 3144 Ana.
1189 3089 1278 3155 t,11.

293 3172 481 3246 oc'dioulgcto
494 3183 572 3244 atque
591 3177 758 3230 incredibilia
775 3178 850 3230 auide
868 3183 976 3247 occepta
988 3178 1054 3230 ocris
1076 3193 1157 3246 oeque
1177 3177 1208 3228 ia
1228 3175 1276 3228 rni-
1373 3179 1374 3192 ¹

293 3261 413 3314 sucatum
428 3261 555 3328 corruptis
570 3260 754 3314 antehabeuut.

134 3406 147 3416 ,,
231 3434 233 3440 Ι
328 3359 436 3429 Apulei.
453 3361 520 3414 Met.
536 3361 562 3413 1.
579 3379 605 3430 p.
620 3361 681 3428 1⁰5,
695 3359 738 3415 31.
758 3363 787 3420 io
803 3365 1086 3436 stuporemluttooituc.

171 3485 174 3492 ·
205 3473 209 3490 ⁸
279 3533 281 3538 ι
328 3463 609 3530 cotume11.12,2t.
636 3468 819 3522 indimidiata
838 3475 944 3540 portem
963 3467 1136 3538 decoquenda.
1170 3464 1232 3536 Iris.
1249 3464 1275 3528 l,

236 3571 239 3589 ·
267 3601 269 3605 ,
292 3549 336 3614 43,
351 3549 377 3602 5.
396 3553 489 3604 tertiae
504 3552 592 3605 classis
606 3552 635 3604 io
657 3554 847 3627 quinquaginta
864 3555 975 3608 millium
994 3571 1096 3615 cestram
1112 3569 1165 3608 esee
1187 3551 1276 3606 uoius‘t.

293 3635 342 3701 nbi
361 3635 417 3690 vit.
434 3637 574 3690 Drakenb.

202 3875 204 3879 .
307 3788 360 3854 25.
391 3767 478 3858 dinis
503 3791 640 3872 estrei,
661 3776 801 3881 propter
821 3811 921 3880 quam
940 3789 1065 3877 aliquid
1092 3791 1219 3878 agitur,
1243 3800 1277 3855 et

224 3875 369 3956 consilii,
389 3897 430 3940 cx
447 3897 512 3962 quo
529 3877 647 3964 agitur.
680 3877 768 3945 ,Ideo
792 3877 854 3942 hac
872 3878 1122 3964 praepositione
1147 3875 1278 3965 signifi·

150 3962 156 3978 ‘
223 3972 315 4026 catur
337 3984 408 4042 res,
433 3963 484 4026 cni
501 3962 624 4050 aliquid
649 3961 848 4029 destinatum
871 3974 937 4041 est,
958 3965 1083 4042 antid,
1107 3966 1197 4050 quod
1215 3962 1276 4026 ali·

125 4043 133 4053 '
223 4050 295 4132 quis
312 4047 438 4133 agendo
456 4059 504 4111 est
521 4061 795 4135 consequuturus.
828 4049 954 4138 Optimi
970 4049 1138 4130 latinitatis
1155 4059 1276 4114 aucto-

217 4155 274 4198 ·ree
291 4135 425 4222 plenam
443 4137 704 4202 enuntiationem
720 4135 832 4202 addito
848 4137 1023 4226 participio
1038 4137 1145 4202 futuri
1161 4133 1274 4224 expri-
