2738 4730
567 265 715 334 runo.
864 239 869 269 ⁵
967 256 977 344 ἶ
1092 279 1157 342 227

170 411 250 490 suin,
269 441 351 494 neque
370 412 451 478 istaec
473 423 538 476 aulo
559 419 694 492 qune‘siet
715 421 787 488 scio,
811 437 856 475 neo
874 423 941 476 noui.
975 423 1099 480 Alterum
1114 432 1157 482 est

171 511 248 579 capt.
263 509 290 575 2,
303 509 329 574 2,
344 509 402 562 193.
429 525 480 562 ιη.-
494 509 564 560 Num
579 523 647 576 qnae
661 523 754 560 curura
769 515 822 574 est,
840 509 918 576 qnia,
938 509 961 561 si
974 511 1081 566 illelmo
1101 508 1155 570 non
1238 505 1242 512 ’

168 599 274 666 redeat,
300 596 396 666 viginti
416 595 502 645 minos
525 593 591 645 milri
616 593 661 644 des
680 607 727 658 pro
750 592 831 644 illol'
853 609 899 644 ur.
932 593 1052 662 Optuma·
1065 599 1153 654 immo.

168 683 248 750 Quod
262 681 327 734 Aul.
349 677 382 744 2,
407 677 440 736 2,
463 675 507 732 84.
533 675 561 728 in
585 673 681 726 eadem
702 674 919 745 interrogatione
932 677 1053 747 legitur:
1074 685 1153 738 immo

167 767 258 836 edepol
282 772 470 834 epitameron
493 761 605 814 efficere
628 763 734 825 potest,
764 766 795 814 ut
818 765 1151 834 statuamus‚'Plautum‚
1235 755 1236 762 ¹

166 850 215 918 qui
231 852 291 920 plus
306 846 453 902 trecenties
468 844 595 900 adhibuit
609 844 681 896 hanc
697 844 872 920 particulam,
889 863 947 899 uno.
956 847 984 900 in
993 849 1151 905 locoacon·
1211 911 1213 914 ,
1255 899 1257 906 ,

163 935 307 990 suetudine
329 931 485 986 recessisse.
521 931 613 998 Quare
630 928 765 991 assentior
782 919 956 997 (temerario,
979 934 1027 1000 qui
1040 943 1151 990 comma

74 1081 77 1084 ¹
162 1018 337 1088 interposuit.
372 1018 427 1070 Scri
454 1015 574 1070 similem
595 1019 661 1082 puto
684 1031 745 1066 esse
767 1020 933 1068 structuram
956 1019 1103 1073 verborum
1121 1021 1151 1074 ia

161 1103 245 1156 Most.
257 1103 283 1168 2,
300 1101 326 1168 1,
351 1103 393 1156 22.
412 1102 557 1172 Tyndarus
582 1099 705 1152 dicturus
721 1105 761 1152 est
779 1098 835 1154 alia
851 1100 998 1168 graviora,
1017 1106 1064 1158 sed
1086 1123 1150 1161 eum

160 1187 256 1258 Hegio
277 1187 451 1255 interpellat,
476 1185 653 1256 acquiescens
674 1185 702 1236 in
731 1191 827 1253 operta
850 1187 1028 1260 professione.
1076 1192 1150 1246 Hine

160 1272 327 1342 corrigenda
342 1277 403 1326 sunt
421 1289 471 1337 oa,
490 1288 562 1342 quae
580 1269 699 1350 liothius
722 1271 757 1324 ad
772 1271 864 1324 Plaut.
886 1271 949 1325 tur.
967 1269 1027 1327 258.
1043 1283 1071 1330 ot
1087 1275 1148 1334 tlt.

159 1355 321 1425 disputavit.
396 1368 398 1374 ’
1233 1405 1236 1417 .

195 1459 276 1529 Apud
292 1457 353 1512 niv.
370 1453 413 1523 35,
429 1455 472 1523 49,
489 1457 532 1512 13.
559 1457 715 1528 discrepant
739 1456 804 1512 libri
830 1457 933 1528 scripti.
964 1459 1016 1526 26,
1033 1459 1145 1526 39,,12.
1200 1478 1201 1482 ’
1242 1465 1245 1476 “

86 1598 90 1614 ,
154 1543 326 1601 abestirnmo
341 1560 359 1597 a
373 1543 523 1598 codicibus.
555 1543 598 1610 39,
614 1543 658 1610 46,
677 1543 704 1595 i.
722 1545 938 1612 arcisterium,
956 1548 1029 1600 onius
1049 1549 1145 1619 lingna
1192 1591 1193 1596 ,

152 1617 215 1688 uiuo
235 1647 263 1682 cc
278 1627 410 1699 ur‘gnerit'⁹
436 1637 626 1683 monumentum
649 1629 811 1698 eloquentiae
833 1615 934 1684 nullum
954 1639 1051 1686 castet:
1079 1635 1144 1688 uicit
1207 1689 1211 1694 ,

149 1715 232 1767 immo
260 1715 380 1784 vigetque
403 1715 548 1782 eloquentia
573 1715 645 1779 ciue,
671 1719 778 1765 sauata
799 1715 903 1783 scriptis
925 1718 1009 1769 omrrir
1030 1720 1144 1788 generis.

151 1797 205 1864 33,
219 1797 270 1863 43,
286 1797 312 1851 6.
330 1797 394 1850 virle
415 1815 507 1867 snpra.
542 1797 632 1851 Tacit·
650 1796 718 1849 Anu.
735 1795 785 1862 12,
800 1797 825 1852 6.
845 1799 972 1852 audivisse
993 1819 1010 1854 n
1024 1804 1143 1870 parenti-

154 1885 223 1950 bus,
242 1884 338 1936 oidism
353 1884 422 1952 ipsos
438 1883 521 1952 arripi
535 1885 657 1953 coniuges
675 1885 711 1936 ud
724 1883 802 1938 libito
827 1886 986 1937 Caesarum:
1004 1887 1093 1954 procul
1113 1887 1143 1938 id

151 1989 172 2022 u
187 1969 321 2038 praesenti
334 1955 477 2019 modestia?
504 1974 658 2022 statueretur
675 1969 755 2020 immo
770 1971 964 2032 documentum,
981 1986 1141 2036 qnousorern

150 2056 298 2123 imperator
312 2051 447 2120 acciperet.
476 2038 680 2105 PlinPnnsll.
698 2058 726 2105 et
741 2068 832 2119 saepe.
858 2052 983 2109 Martinl.
997 2053 1040 2121 12,
1055 2052 1100 2121 48,
1113 2055 1140 2110 6.
1166 2039 1167 2048 ¹
1238 2103 1262 2116 .,

148 2141 201 2192 aed
216 2155 276 2192 crue
290 2137 413 2200 stiterit,
430 2136 615 2204 immaturius,
631 2137 751 2208 protinus
769 2139 847 2190 immo
860 2138 934 2192 niltil.
962 2179 969 2184 .
1008 2135 1024 2172 f

188 2251 465 2319 martianaeus
492 2272 542 2306 nou
565 2255 641 2309 tabet
660 2273 724 2326 ergo
746 2257 844 2308 aliud?
880 2256 940 2311 Noe
961 2259 1040 2315 liutet
1060 2261 1139 2314 immo

64 2367 66 2374 ,
143 2357 235 2397 mam.
269 2341 296 2402 1,
313 2337 356 2406 86,
372 2335 399 2390 4.
416 2339 481 2420 nilril
494 2339 581 2392 delet:
594 2345 718 2410 fueruat
732 2342 809 2394 immo
826 2342 923 2412 uagis.

160 2498 219 2562 18.
249 2494 392 2562 Comicis
408 2495 527 2560 usitata
550 2501 599 2558 est
620 2491 719 2557 dictio
735 2489 839 2558 immo
854 2492 887 2558 si
900 2491 1010 2574 scias,
1032 2493 1137 2564 immo

67 2583 102 2648 si
118 2580 274 2662 audias,
297 2603 361 2669 qua
379 2579 642 2668 colloquentium
659 2579 851 2645 alteralteri
869 2579 976 2644 maius
999 2581 1137 2666 opinio-

67 2667 187 2734 nevel
205 2667 299 2755 peius
317 2667 565 2754 quidnondum
588 2665 760 2754 cognitum
785 2665 909 2739 indicat
933 2667 1027 2816 eique
1048 2689 1135 2734 con-

66 2755 215 2820 trariam
245 2755 439 2818 sententiam
470 2751 597 2816 suadet.
655 2750 828 2816 Interdum
855 2773 927 2816 non
954 2775 971 2816 n
995 2753 1135 2820 solvitur

64 2863 184 2906 sermo
214 2849 246 2904 et
261 2840 423 2904 sententia
447 2836 661 2938 intelligitur:
687 2839 792 2902 immo
815 2840 842 2902 si
866 2837 967 2920 scias,
988 2840 1132 2908 mutabis
1237 2864 1239 2872 ’

63 2926 272 2996 sententiam
297 2935 408 3002 tunm,
431 2924 515 3007 sive,
537 2947 566 2988 er
581 2923 682 3006 scias,
702 2924 935 3011 nonnmplius
952 2945 1100 3011 quaeres.

171 3065 272 3120 Plaut.
287 3062 368 3115 Garc.
382 3059 410 3124 2,
422 3058 450 3125 3,
466 3058 509 3112 42
530 3057 646 3111 immori
663 3058 739 3122 scius,
753 3050 959 3127 reliquiaeque
975 3057 1038 3112 sint.
1069 3061 1132 3114 Cas.
1157 3047 1175 3092 ἕ

131 3147 161 3216 3,
177 3148 208 3214 5,
226 3145 269 3203 35,
293 3147 372 3199 immo
393 3147 417 3199 si
437 3146 506 3199 reios
523 3145 611 3207 (licta,
627 3159 694 3211 qnae
715 3141 780 3195 dicit
801 3143 885 3196 laodie-
928 3141 1041 3196 Terent.
1059 3144 1131 3200 Eun.

103 3302 105 3306 ι
129 3234 168 3302 2,
188 3234 228 3298 3,
244 3228 288 3284 64.
317 3233 395 3284 immo
415 3232 482 3284 enim
504 3231 530 3281 si
552 3229 636 3291 ruas,
655 3228 724 3298 qnod
745 3229 843 3282 &unm
865 3227 934 3280 riona
958 3227 1019 3281 linia
1039 3239 1131 3289 contro

129 3325 290 3389 comparet,
308 3318 397 3388 magis
412 3317 440 3369 id
454 3317 552 3370 dicas..
576 3328 582 3334 ·

164 3421 265 3475 Plant.
281 3419 379 3474 Pseud.
395 3418 421 3483 2,
436 3415 464 3483 4,
479 3413 522 3469 59.
537 3417 635 3486 probru
649 3415 723 3469 homo
739 3423 795 3482 est,
814 3424 842 3468 nt
852 3413 1011 3486 praedicare
1032 3401 1129 3467 te'au-

89 3539 91 3544 ·
126 3509 187 3562 dio.
232 3517 278 3558 crs.
313 3505 395 3556 Immo
409 3505 432 3555 si
447 3503 523 3556 scios.
561 3501 611 3552 Vbi
624 3506 650 3552 te
664 3501 820 3570 «supererit,
840 3503 960 3555 sanabit
972 3501 1049 3564 ultro,
1065 3498 1129 3568 qqtd

125 3611 186 3648 sere
202 3590 278 3644 nelis.
313 3589 399 3641 Merc.
415 3588 448 3651 2,
462 3587 496 3653 2,
511 3585 554 3640 27.
582 3587 643 3638 terre
659 3575 871 3651 teclesoctum,
892 3592 918 3638 et
932 3581 1045 3655 gaudeo.
1080 3600 1128 3636 aa.

126 3678 223 3730 Immo
237 3675 262 3728 si
281 3674 356 3726 sciar.
394 3673 480 3725 Oculis
500 3686 597 3739 quoqne
611 3669 691 3722 etiam
707 3667 767 3736 pias
788 3669 843 3721 inm
858 3669 932 3722 uideo
947 3685 1025 3738 quum
1039 3669 1125 3737 prins.

128 3761 255 3815 Terent.
272 3759 372 3811 Heaut.
389 3755 423 3822 3,
438 3755 472 3822 3,
490 3753 534 3808 38.
570 3769 612 3805 sr.
648 3753 769 3805 Pessum
786 3755 850 3806 hoec
871 3760 906 3806 est
920 3751 1046 3805 meretrix.
1079 3769 1125 3804 crs.

127 3847 180 3902 lta
198 3844 313 3906 uideor.
348 3858 389 3894 sr.
405 3841 494 3893 immo
507 3839 531 3892 ri
543 3839 618 3896 suas.
656 3837 714 3890 Veli
728 3837 788 3889 cislo
804 3839 872 3906 qnod
886 3838 997 3906 inceptet
1007 3811 1161 3905 μήπω..

163 3947 265 4002 Plant.
283 3942 364 4014 Epist.
385 3943 418 4010 3,
433 3941 468 4008 4,
486 3940 529 3997 16.
547 3942 626 3997 immo
639 3939 664 3996 si
688 3939 785 3993 andins
799 3956 871 3994 mear
889 3938 1125 4012 pugnas,sogias

122 4016 259 4090 mette
274 4029 391 4085 denaris
404 4031 518 4086 domum.
555 4075 568 4096 ,

730 4141 1022 4243 ιιι»
