2592 4720
206 296 277 364 ‘aaa
626 295 819 385 ¹summu.

283 459 362 512 erunt
383 452 470 510 verbu
489 470 521 508 er
543 453 590 508 ttae
607 443 733 517 nodus,
758 457 786 508 ot
810 456 885 508 recte
915 452 970 508 dici
995 457 1117 514 saurim
1144 463 1257 536 inrupi,

284 538 451 594 Goorcuaius
465 539 493 592 in
505 537 595 594 labuii
612 537 707 592 16661.
723 537 748 588 l.
763 554 790 604 p.
804 533 863 588 8⁰⁰.
881 535 966 590 libros
982 538 1052 594 duos
1063 546 1203 612 nomiuct,
1220 554 1257 618 qni

282 624 384 678 babeat
407 625 519 694 intelligi
537 631 618 692 potest
640 624 836 686 maximorum
853 622 932 675 mule.
966 622 1085 682 Sallust.
1105 631 1171 684 Cat.
1185 634 1255 696 665.

281 725 343 762 neoc
356 726 414 762 earu
430 709 501 760 uobis
515 709 721 760 aecmsitadirreus
738 705 893 775 imponatis,
908 715 936 758 at
956 725 1139 778 queamus,
1160 736 1255 785 qma„

283 795 358 848 modu
373 809 491 846 moranus
508 793 556 844 ulti
574 793 728 861 sanguicum
744 800 861 844 aostnuu
873 809 1018 859 percurras.
1053 795 1188 854 Kritziuu
1201 805 1254 855 Cur.

283 876 358 931 tium.
367 876 518 946 impugant,
539 874 584 945 qui
599 874 760 944 transposuit
776 875 860 928 rerba
873 875 921 928 ulti
934 892 1065 930 mamma

318 975 417 1041 tls-‚u
437 978 480 1042 tt,
495 979 521 1030 2.
539 995 618 1046 copus
632 994 671 1030 res
690 1004 725 1014 -
742 977 894 1028 marradio
906 979 1085 1032 maximenon
1100 992 1197 1049 putres
1210 1005 1250 1038 aa

281 1064 331 1126 do,
349 1065 393 1116 scd
407 1065 486 1116 stium
499 1063 596 1132 plebem
610 1063 694 1113 movit.
723 1060 862 1114 Editioues
875 1059 1003 1128 autiquae
1015 1067 1150 1119 murima.
1179 1071 1249 1137 Quia

281 1147 323 1200 til.
337 1146 363 1212 ll,
377 1144 404 1212 4,
417 1145 460 1200 tt.
477 1147 543 1214 qood
565 1144 873 1198 monasterorium
893 1153 939 1198 est.
977 1145 1039 1198 Nou
1064 1157 1184 1214 posunt
1200 1171 1249 1206 aaa

279 1232 358 1302 iungi
373 1249 442 1284 uoac
457 1231 582 1293 moriare,
595 1231 653 1295 jezt
666 1230 744 1293 eben,
760 1233 789 1280 ot
805 1227 876 1296 quod
891 1235 1101 1298 capessamus,
1119 1240 1248 1292 mmm.

279 1317 307 1370 iu
327 1315 463 1370 codicibus
479 1314 638 1382 quibusdam
652 1311 763 1382 legitur.

294 1446 326 1506 3.
350 1440 487 1506 Exstant
510 1437 542 1500 in
567 1431 763 1500 editionibus
787 1446 933 1502 veterum
956 1437 1019 1500 scri
1047 1447 1169 1506 torum
1188 1445 1246 1508 vul-

185 1580 186 1584 ,
213 1527 344 1614 guribus
369 1525 452 1603 loci,
477 1523 511 1586 ia
537 1522 653 1607 quibus
675 1522 822 1585 maxime
843 1529 893 1585 est
915 1460 1130 1607 superlitivis
1153 1550 1246 1616 appo·

211 1615 323 1678 situm.
367 1609 499 1696 Antiqui
515 1607 717 1695 grammatici
741 1607 773 1696 id
792 1605 862 1671 lieri
879 1627 974 1691 posse
997 1623 1187 1694 negarunt:
1207 1617 1245 1679 vi-

214 1698 255 1762 de
274 1699 440 1762 Donatum
462 1719 496 1783 p.
515 1694 612 1757 1746:
641 1692 839 1756 recentiores
864 1699 919 1754 aut
941 1690 1183 1761 dubitaverunt
1202 1712 1246 1762 aut

213 1777 448 1848 affirmarunt·
471 1779 506 1842 lu
525 1775 576 1842 his
592 1778 726 1840 Vossius
740 1777 973 1840 deConstruet.
996 1783 1050 1842 17.
1072 1780 1243 1850 Burmann.

213 1868 254 1931 ud
280 1867 383 1932 Gratii
407 1869 529 1953 Cyneg.
551 1867 623 1926 133.
645 1859 898 1926 Drakenborch.
921 1861 960 1924 ad
985 1863 1059 1926 Liv.
1083 1871 1140 1944 41,
1158 1875 1205 1949 23,
1217 1876 1242 1935 6.

212 1953 381 2020 Ernestius
400 1953 432 2015 in
453 1951 539 2014 Clau.
558 1947 623 2010 Cic.
640 1970 675 2033 p.
691 1951 764 2010 609.
787 1949 829 2010 At
842 1945 1064 2012 Ruhnkenius
1082 1951 1125 2014 ad
1144 1956 1241 2020 Vellei.

210 2039 277 2102 Pet.
296 2043 327 2112 a,
343 2039 395 2102 27.
417 2035 564 2108 monuit,
582 2031 728 2120 vulgatae
744 2032 876 2096 lectioni
895 2033 929 2094 in
945 2033 1107 2099 omnibus
1134 2037 1186 2102 his
1200 2041 1241 2105 lo-

210 2123 256 2186 cis
278 2115 359 2188 nibil
375 2142 443 2184 esse
460 2117 628 2206 praesidii,
651 2129 682 2182 et
697 2119 725 2181 si
742 2139 824 2204 quae
847 2127 1012 2181 exstarent
1037 2140 1119 2186 vera
1145 2147 1241 2190 exem·

234 2207 283 2282 la,
309 2205 419 2270 sordes
438 2227 506 2270 esse
524 2203 737 2291 scriptoribus
763 2201 931 2267 deterioris
955 2213 1059 2268 notae
1085 2215 1241 2296 proprias.

138 2318 141 2324 ·
209 2231 295 2358 Eum
319 2301 498 2379 sequuntur
522 2289 694 2374 Zumptius
721 2286 761 2352 ad
785 2289 853 2352 Cic.
878 2287 971 2352 Verr.
997 2293 1027 2368 2,
1051 2295 1197 2372 66‚160,
1218 2309 1242 2362 et

210 2377 357 2444 Kritzius
382 2377 420 2440 ad
439 2375 569 2440 Sallust.
586 2373 654 2458 lug.
671 2379 703 2453 7,
718 2375 747 2438 5.
790 2373 857 2436 Nos
880 2372 978 2458 igitur
1002 2375 1158 2460 primum
1181 2405 1243 2448 vera

209 2462 332 2528 afalsis
349 2481 571 2537 secernamus,
595 2471 666 2521 turn
688 2460 720 2521 ia
742 2457 873 2542 reliquie
897 2457 937 2522 ad
964 2480 1000 2521 ea
1023 2465 1243 2548 respiciamus,

84 2623 86 2628 Ι
210 2570 292 2635 quae
309 2549 349 2612 dc
366 2546 521 2611 vocabulo
544 2545 659 2630 magis
686 2541 910 2629 comparativis
933 2543 1064 2608 adiecto
1093 2565 1173 2616 suut
1191 2577 1248 2619 cx-.

109 2693 112 2698 ,
209 2635 327 2722 posita.
370 2633 436 2695 Nec
455 2641 609 2716 poteraut
622 2639 788 2714 tamquam
805 2628 921 2693 similia
943 2637 1138 2716 comparari
1154 2639 1243 2728 longe

208 2717 393 2782 altissimas
417 2716 501 2792 apud
524 2716 593 2778 Liv.
618 2717 679 2793 tt,
704 2720 764 2791 81,
791 2717 822 2778 5.
851 2727 919 2778 nec
932 2714 1242 2803 perdifficillimom

209 2804 264 2884 40,
280 2805 332 2880 21,
348 2804 398 2864 &a
419 2800 464 2864 ibi
481 2800 567 2862 enim
584 2801 783 2886 praepositio
798 2820 866 2886 per
882 2801 916 2864 iu
932 2821 965 2863 se
981 2814 1129 2870 constat.

311 2919 386 2990 Apud
395 2917 534 2972 Ciuvcrr.
550 2918 576 2982 2,
590 2917 633 2982 66,
644 2915 707 2970 χ161).
727 2918 832 2970 codices
847 2923 902 2972 tres
918 2930 1073 2987 quatuorve
1084 2929 1182 2979 remoti
1194 2928 1240 2980 bs-
1294 2907 1295 2998 l

270 3009 351 3072 beat,
369 3023 422 3059 uon
435 3004 604 3056 remotissimi.
638 3001 696 3055 biv.
715 3000 957 3072 4626611666
974 3013 1020 3057 aut
1043 3011 1184 3064 mediocris
1201 3029 1242 3074 m,

272 3095 381 3157 Antaei,
400 3091 550 3160 quibasdam
559 3087 661 3138 uidetur
671 3088 736 3156 agi:
752 3105 800 3156 cgu
809 3087 918 3138 moriare
931 3079 1121 3158 &crimmum
1137 3098 1240 3148 caetu

273 3195 323 3230 nou
340 3178 435 3246 agique
449 3181 548 3226 tuntum
563 3171 686 3234 arbitror,
702 3172 746 3222 sed
760 3172 867 3238 quodum
883 3173 955 3223 mado
970 3180 1058 3226 cctam
1073 3194 1138 3230 esse.
1174 3182 1241 3232 fluct

273 3259 430 3328 corruptela
446 3259 571 3311 laborare
584 3269 662 3306 nomo
677 3269 728 3306 nou
744 3254 826 3307 videt.
862 3255 1004 3310 Columell.
1022 3257 1048 3322 il,
1064 3259 1092 3324 3,
1110 3263 1139 3314 3.
1157 3267 1242 3317 caea
1294 3263 1295 3290 v

272 3347 372 3399 saevior
386 3345 494 3396 marimo
504 3341 618 3412 pessima
632 3347 675 3391 est.
710 3339 788 3405 Quad
802 3339 830 3391 in
847 3339 964 3408 antiquis
979 3340 1059 3394 libris
1075 3345 1242 3401 desideratur

270 3435 322 3493 cst,
342 3427 418 3481 adid
435 3425 522 3478 critici
544 3424 679 3477 debebant
701 3423 819 3475 enimam
838 3425 991 3478 attenderes
1009 3442 1077 3479 uum
1092 3431 1242 3484 Columella

271 3512 393 3580 scripulis
409 3527 469 3562 uum
488 3517 581 3580 pacato
596 3509 726 3578 grandior
740 3510 798 3578 cpia
811 3515 884 3576 utque
898 3511 1042 3575 rotundior,
1063 3515 1144 3566 tanto
1159 3497 1241 3584 peter}

270 3599 294 3651 si
315 3613 374 3649 vero
390 3597 505 3658 suavior,
528 3596 643 3646 marimo.
659 3593 678 3646 i.
694 3611 719 3646 c.
743 3594 856 3648 rotunda
882 3594 906 3646 si
923 3593 1048 3658 saevior,-
1068 3597 1194 3650 maxime
1209 3603 1242 3651 est

271 3699 368 3736 saeuas
391 3697 418 3733 ro
441 3680 474 3732 ist
489 3678 546 3732 sic’s
566 3680 601 3730 im
618 3679 740 3739 hisistere
759 3679 854 3733 (trade.
895 3679 926 3732 ld
949 3677 1087 3748 glossator
1112 3683 1242 3754 explicuit

269 3765 359 3820 addito
372 3765 488 3835 mirra.

166 3853 171 3866 '
304 3869 417 3921 aestans
436 3867 521 3919 neces
540 3862 602 3916 66.
624 3862 659 3914 aa
681 3863 736 3916 ro.
757 3861 801 3928 12,
822 3861 865 3917 ce.
892 3865 966 3918 aaa
981 3891 1016 3904 -
1035 3867 1193 3922 eseam
1204 3894 1234 3908 -

267 3955 318 4006 sios
334 3953 402 4004 boue
412 3949 599 4004 ’6666πί66616
615 3965 633 3999 6
650 3948 736 4019 dolore
752 3948 907 4018 delegerint,
925 3965 992 4018 psus
1012 3951 1128 4004 asurim
1150 3955 1230 4006 tuber·

267 4037 365 4089 11661616
378 4038 499 4103 doctopuc
516 4033 617 4086 boariae
638 4033 808 4102 dignissima,
826 4033 934 4086 laudari
948 4049 989 4087 ute
1009 4034 1091 4088 stium
1116 4044 1233 4106 oportun

267 4121 327 4178 Nou
346 4135 400 4175 uuo
413 4119 493 4175 mado
508 4116 598 4174 critici
612 4116 788 4172 emendarunt
801 4117 872 4172 buce
886 4117 987 4186 verbu,
1004 4133 1056 4172 asc
1069 4124 1172 4174 meu
1187 4135 1231 4188 prr
1293 4121 1294 4178 l
