3132 4718
393 333 456 398 eun
490 301 493 306 “
807 325 1006 402 iuream.

393 487 506 552 iectas.
557 480 669 560 Quare
691 479 894 546 redeundum
917 477 1011 542 nobis
1039 490 1088 544 est
1111 477 1151 544 ad
1183 483 1334 544 certiora
1363 480 1430 556 indi-i

394 573 454 635 cia.
505 566 608 632 Facile
632 567 719 629 enirn
756 585 968 663 agnoscemus
998 565 1236 650 cognationem
1271 566 1430 646 vocabulo]

306 707 308 724 .
395 678 469 720 rum
486 655 534 718 im
550 663 581 715 et
598 651 871 738 pronominum,
894 671 958 734 qua
973 647 1096 714 lactum
1112 660 1160 714 eat
1187 662 1225 713 ut
1251 652 1389 716 interim
1405 653 1430 714 in'

398 743 502 804 vicem
522 737 611 802 verbi
635 736 768 800 interea
791 733 998 800 succederet:
1021 756 1127 820 neque
1150 738 1256 798 etiarn
1283 739 1430 826 repugna-j

305 847 308 858 ‘
385 827 524 900 bimus,
548 823 575 886 si
593 821 666 908 quis·
683 821 763 886 inde
779 831 812 884 et
831 822 879 884 im
896 843 1092 906 comparans
1114 819 1154 884 ad
1179 819 1337 886 formam
1361 823 1430 900 loca-5

394 914 495 975 tivam
512 910 526 972 i
540 927 600 972 nos
615 907 830 985 revocaverit,
852 927 911 970 nec
926 907 953 970 si
969 905 1049 969 alins
1066 907 1137 992 quis
1160 905 1201 968 ad
1220 911 1430 970 accusativum*

378 995 595 1082 ¹respexerit,
625 992 727 1056 modo
755 1013 809 1056 ne·
832 1001 1044 1056 accusativum
1084 991 1281 1078 appellarit.
1340 994 1430 1072 Vnum

399 1082 465 1145 hoc
488 1091 655 1142 teneamus
685 1078 733 1139 im
756 1077 790 1141 in
813 1075 913 1140 verbo
936 1076 1074 1140 interim
1104 1081 1358 1140 monstrativum
1380 1080 1422 1138 vin

398 1166 531 1244 habere,
554 1185 637 1248 quae
653 1162 766 1229 eadem
783 1162 817 1224 in
835 1162 1034 1247 pronomine
1051 1171 1200 1248 apparet,
1223 1173 1261 1224 et
1278 1163 1430 1242 inter-iul

397 1252 491 1332 dici,¹
502 1247 591 1335 quod
609 1247 685 1310 alius
702 1247 879 1310 iuter-ea.

497 1366 652 1420 Permirum
674 1365 803 1433 estquod
819 1359 995 1422 Dlrederliaus
1015 1363 1125 1434 scripsit
1145 1365 1174 1417 iu
1198 1365 1355 1437 Syneuym.
1369 1363 1421 1418 nt

464 1469 491 1520 p.
506 1450 567 1504 272.
584 1431 782 1504 nedPlentnm
802 1468 854 1526 aee
875 1450 946 1502 elios
961 1449 1127 1516 antiquiores
1148 1444 1307 1518 sdriptores
1323 1467 1420 1519 umqum

462 1535 562 1588 dixisse
580 1537 700 1599 iuterim,
720 1542 751 1587 ut
768 1534 937 1604 significaret
951 1535 1083 1598 indumen,
1103 1533 1152 1584 soal
1167 1535 1302 1600 interibi,
1319 1545 1390 1604 atque
1400 1551 1419 1584 er

462 1622 516 1674 hec
532 1619 666 1674 vocabulo
681 1635 766 1671 aurea
779 1619 888 1671 demum
910 1624 1000 1672 aetate
1021 1633 1072 1684 per
1093 1633 1239 1686 apocopen
1262 1621 1365 1674 laetum
1382 1636 1419 1672 eur

462 1706 577 1772 interim.
620 1689 727 1756 Tamen
751 1703 842 1770 paullo
865 1709 925 1770 post
951 1709 1045 1756 narrat
1064 1701 1207 1772 cognitum
1228 1705 1323 1759 tuisse
1346 1707 1417 1759 Plana

463 1788 518 1841 ltoe
531 1788 714 1852 vocabalum,
733 1785 887 1856 significans
900 1788 1038 1838 interdum.

456 1951 459 1963 ¹
480 1923 588 1988 Etiam
608 1921 800 2009 significatio
825 1943 902 1986 curn
932 1921 982 1986 his
1007 1921 1166 2010 congruit.
1211 1923 1360 1990 Interim
1378 1943 1416 2011 pn

400 2007 533 2072 interea
557 2020 750 2094 usurpatur:
774 2019 807 2072 et
826 2008 1064 2088 Quintilianus,
1088 2007 1116 2070 si
1140 2007 1329 2074 Bonuellus
1347 2031 1417 2094 acen·

394 2103 467 2157 rate
481 2093 549 2156 eius
565 2093 661 2171 verba
685 2093 828 2173 notavit,
851 2114 1030 2178 numquam
1055 2093 1209 2170 interea,
1231 2097 1293 2160 sed
1316 2115 1416 2180 semper

394 2175 533 2242 interim
548 2179 641 2242 dixit.
676 2179 773 2242 Vetus
790 2189 898 2242 autem
915 2179 1039 2265 opinio,
1058 2177 1264 2244 nuncetiam
1286 2207 1305 2246 a
1320 2183 1416 2266 Gryn-

394 2283 435 2326 ro
461 2264 493 2326 in
519 2263 676 2328 Doctrina
704 2264 770 2328 stili
798 2287 831 2350 p.
854 2266 928 2328 534.
959 2264 1149 2350 proposita,
1179 2286 1248 2348 qua
1283 2270 1417 2336 statuitur,

289 2411 292 2418 ,
396 2347 534 2413 interim
551 2349 714 2428 absolute,
738 2350 869 2414 intereo
888 2371 963 2412 cum
979 2349 1272 2414 coniunctionibus
1298 2353 1416 2440 poniso·

395 2433 482 2512 lere,
507 2434 587 2498 falsa
603 2445 651 2498 est
670 2445 702 2498 et
724 2433 848 2514 inanis,
872 2457 995 2520 neque,
1020 2457 1085 2520 quo
1104 2455 1177 2522 casu
1201 2449 1281 2501 orta
1302 2440 1359 2514 sit,
1376 2459 1416 2521 pa·

394 2528 452 2582 tet.
500 2520 649 2582 Fortasse
676 2519 894 2586 observarunt
918 2521 1111 2584 Ciceronem
1142 2541 1210 2583 non
1236 2522 1361 2587 dixisse
1379 2523 1418 2584 ir-

293 2651 295 2654 .
393 2604 494 2665 terim
523 2604 615 2666 dnm.
659 2603 722 2666 Alii
748 2626 1016 2690 synonymorum
1045 2606 1197 2667 doctores
1223 2629 1299 2671 non
1322 2607 1418 2696 proba·

395 2685 509 2750 biliora
527 2687 742 2762 tradiderunt.
783 2689 957 2753 Nollenius
983 2712 1013 2776 p.
1033 2695 1124 2754 1080.
1144 2691 1259 2756 nescio
1289 2717 1354 2778 quo
1375 2714 1418 2754 au-

394 2780 486 2836 ctore
501 2771 599 2835 haece
622 2772 787 2849 „interea
805 2775 827 2837 i.
843 2797 873 2838 e.
897 2775 985 2838 inter
1000 2773 1072 2838 hoc
1095 2786 1159 2838 tem
1189 2798 1247 2855 us,
1278 2789 1351 2842 toto
1372 2778 1416 2840 lios

308 2889 310 2892 ·
391 2859 553 2942 temporis
576 2857 700 2944 spatio,
728 2883 746 2922 a
770 2860 935 2946 principio
960 2881 1062 2946 usque
1089 2859 1128 2925 ad
1177 2883 1279 2927 nem:
1302 2864 1417 2928 interim

392 2941 415 3006 i.
434 2963 461 3006 e.
479 2945 562 3009 intra
580 2943 644 3007 hoc
660 2954 807 3030 tempus,
834 2956 1009 3032 antequam
1026 2943 1166 3010 liniatur.
1212 2948 1363 3014 Absurde
1379 2947 1416 3010 di·

393 3039 541 3093 seretur:
566 3028 740 3126 panditur
762 3030 900 3094 interim
922 3031 1062 3110 domus,
1095 3033 1233 3096 notione
1265 3036 1345 3114 illa,
1371 3054 1415 3118 qua

308 3139 312 3147 ·
392 3113 546 3198 Virgilius
564 3115 596 3176 id
613 3113 742 3199 profert
760 3115 852 3202 (Aen.
872 3121 920 3195 tu,
939 3123 967 3179 1.
979 3115 1151 3202 panditur
1164 3117 1304 3183 interea
1318 3121 1415 3183 ἀονηιιι

307 3219 308 3223 ’
391 3200 632 3284 omnipotentia
661 3198 827 3286 Olympi).
870 3201 1027 3275 Similiter
1049 3200 1188 3266 absurde
1210 3202 1348 3269 interea
1369 3203 1415 3268 ali·

390 3279 569 3367 quictflcae‘
613 3285 763 3348 Attamen
779 3283 953 3348 Terentius
970 3285 1012 3350 ita
1028 3283 1062 3348 lo
1089 3297 1184 3350 uutns
1214 3299 1267 3352 est
1288 3291 1384 3353 Andr.
1394 3292 1413 3356 l.

391 3373 421 3436 1.
441 3368 490 3430 14.
512 3367 729 3431 Doederlinus
741 3391 774 3455 p.
790 3375 864 3434 271:
886 3309 1137 3457 distinguitlioc
1153 3365 1280 3436 modos
1303 3377 1411 3439 interea

368 3498 372 3512 ,
389 3447 451 3514 dici
467 3453 507 3516 de
523 3473 558 3516 re
573 3451 708 3538 longum
728 3464 787 3539 per
809 3466 938 3541 ternpus
964 3468 1150 3542 protracta,
1170 3457 1315 3524 interim
1338 3462 1374 3524 de
1389 3478 1412 3519 n

387 3536 451 3598 cito
471 3548 676 3602 transeunte:
702 3539 782 3603 illud
798 3541 979 3626 significare
1000 3541 1159 3626 temporis
1180 3545 1349 3629 spatium,
1366 3544 1411 3607 lior

385 3624 546 3708 temporis
573 3634 744 3708 punctum.
794 3626 888 3704 Quae
910 3647 1011 3712 quum
1035 3649 1103 3690 non
1132 3627 1196 3690 alio
1225 3629 1410 3694 documento

377 3703 575 3786 firmentur,
597 3731 705 3794 quam
717 3710 942 3791 observatione
960 3713 1212 3798 exemplorum,
1228 3717 1410 3781 'cavendum

316 3792 319 3796 ’
384 3801 451 3870 est,
484 3815 526 3856 no
549 3795 718 3879 praecipiti
741 3794 1062 3865 decretoiallarnur.
1112 3796 1203 3860 Nulli
1227 3803 1317 3866 enirn
1349 3819 1410 3864 aevo

380 3897 443 3940 uec
462 3879 636 3963 antiquiori
652 3900 712 3943 nec
727 3881 905 3966 posteriori
925 3883 1042 3967 desunt
1060 3881 1232 3968 exempla,
1253 3887 1289 3949 in
1311 3887 1411 3973 quibus

377 3961 517 4025 interim
538 3964 579 4028 de
601 3961 758 4028 contiuua
782 3967 911 4040 actione
933 3967 1027 4032 etde
1054 3989 1090 4032 re
1115 3989 1185 4030 uon
1210 3973 1319 4036 semel
1341 3971 1410 4036 inci-

376 4045 474 4112 dente
491 4049 615 4112 dietum
634 4049 684 4115 sit.
727 4046 797 4114 Nos
819 4051 881 4138 ipsi
904 4051 1034 4132 allaturi
1054 4073 1167 4116 sumus
1190 4074 1210 4116 e
1233 4055 1342 4122 Plauti
1365 4077 1411 4120 co·

374 4133 531 4199 rnoediist
553 4135 636 4198 dum
651 4135 822 4220 coquitur,
845 4137 984 4202 iuterim
993 4135 1212 4225 putabimus.-
1234 4162 1253 4205 e
1277 4142 1360 4208 Livii
1378 4141 1410 4206 li·
