2738 4730
596 259 654 329 tu.
834 345 907 363 „
1089 265 1155 334 au

169 415 242 484 apud
255 414 416 472 Ciceronem
433 434 461 487 p.
475 415 544 487 Lag.
559 403 636 471 Μἀα.
652 413 681 481 6,
696 414 740 468 tu.
759 423 850 470 cancta
866 416 931 470 Asia
951 419 1051 486 preda
1064 429 1156 476 cuneta

167 503 233 555 Λαία
254 501 371 568 dicitur,
389 508 420 555 nt
442 501 580 556 Matthiae
603 502 819 567 demonstrarit,
838 508 867 556 et
885 499 1029 558 Sallustius
1049 505 1074 559 ai
1087 506 1157 561 seri-

168 585 224 654 pstt
247 589 372 658 pleraque
386 587 452 640 Aria
467 589 666 658 imperitabunt,
684 594 715 642 ut
729 587 838 642 videtur
852 586 1010 656 scripsisse,
1027 607 1060 644 co
1075 593 1156 647 modo

168 669 255 750 lecit,
276 688 360 741 *quens
374 671 525 726 Arusianus
534 672 642 726 Mersus
653 679 799 740 ,comparat
813 672 960 727 verborum
974 675 1025 727 luae
1039 678 1156 747 regiona.

198 771 297 828 sTuctt.
313 775 383 838 Anu.
398 774 432 843 2,
448 774 492 829 31.
517 777 666 846 appositam
688 793 777 829 measa
795 777 888 829 lamen.
915 776 964 832 uni
980 777 1156 834 coniecerunt

138 891 140 898 ι
169 857 200 910 irs
213 877 313 914 mensu.
348 861 435 914 Varro
450 860 484 912 de
499 861 531 913 1..
546 859 576 913 lr.
590 858 617 926 6,
632 859 658 913 7.
675 860 719 930 (6,
735 859 792 929 tu.)
809 862 842 914 ud
857 878 887 914 ec
902 880 1071 934 nuncupere,
1088 867 1168 936 quod

167 949 230 997 tune
255 947 442 999 civitateucta
463 963 532 999 neoc
556 947 744 1018 suscipiantur.
785 947 916 1000 Defendit
936 948 1091 1016 Midlerus,
1107 950 1179 1006 sed,

152 1033 223 1085 ‘non
236 1037 301 1100 epto
316 1031 451 1103 exemplo.
484 1031 636 1103 Eleganter
651 1031 818 1103 Spengelius
834 1033 940 1088 civitati.

176 1185 215 1261 3.
237 1181 414 1273 Multiplex
431 1195 480 1250 est
497 1198 573 1251 usus
590 1183 689 1252 huius
704 1185 1008 1274 praepositionisin
1035 1183 1158 1251 dictio·

94 1263 214 1350 nibus,
237 1292 321 1356 quae
337 1275 512 1340 notionem
528 1273 668 1343 localem
688 1272 728 1336 ad
748 1294 885 1337 resnou
909 1271 1058 1336 sensibus
1076 1295 1156 1360 per·

95 1352 266 1438 cipiendas
286 1357 510 1434 transferunt,
534 1369 590 1422 aut
604 1381 665 1447 per
686 1358 920 1447 metaphoram
945 1379 1159 1446 componun·

94 1445 163 1500 tur·
209 1441 361 1523 Quarum
377 1443 541 1532 plurimae
558 1443 748 1509 formentur
765 1445 879 1510 ¹verbis
902 1467 992 1524 erse,
1014 1444 1157 1527 uersari,

95 1521 242 1620 habere,
267 1539 392 1596 tenere.
435 1531 526 1595 Aliae
542 1530 672 1618 linguae
687 1531 758 1597 aliia
776 1541 914 1594 utuntur
931 1531 1156 1618 praepositio·

93 1607 217 1678 nibus:
249 1633 317 1700 quo
345 1626 456 1681 tamen
486 1631 558 1681 nou
580 1617 739 1698 efficitur,
760 1627 797 1680 ut
818 1616 856 1680 in
880 1615 1033 1681 eamdem
1051 1615 1158 1704 signi·

92 1691 286 1788 ficationem
304 1724 345 1768 ex
360 1703 432 1767 aliis
450 1703 596 1790 recipiat.
640 1703 727 1766 Nam
743 1703 870 1767 etiamsi
892 1701 991 1768 verba
1013 1701 1051 1778 irc
1077 1723 1158 1767 mu-

90 1780 196 1846 nibus
215 1809 287 1851 esee
300 1787 477 1852 reddamus
501 1801 601 1854 enter
618 1786 771 1854 Hc‘inden
791 1811 891 1874 scyra,
916 1797 972 1852 aut
994 1786 1031 1850 iu
1050 1786 1158 1852 oculis

89 1870 203 1934 eitum
225 1881 399 1951 esae,'ror
413 1875 539 1962 Augen
562 1875 676 1961 liugan
684 1923 694 1956 ,
716 1896 817 1939 nemo
846 1872 1098 1959 indeflcolliget,
1119 1872 1159 1938 iu

90 1958 199 2022 etiam
223 1957 405 2044 significare
427 1971 526 2035 rariter
545 1971 600 2026 aut
620 1983 698 2025 ror.-
729 1961 822 2024 euius
845 1960 891 2024 rei
910 1981 979 2024 uon
1006 1959 1157 2024 fecissem

87 2044 327 2124 mentionem,
350 2045 414 2108 nisi
430 2045 547 2110 iudicia
562 2045 660 2112 huius
676 2048 803 2132 generis
821 2046 909 2133 apud
948 2045 1159 2109 rammaticos

88 2138 227 2192 veteres
244 2139 423 2228 exstarent.
460 2131 589 2197 'samen
607 2154 805 2220 comparare
818 2133 895 2198 licet
936 2133 1075 2198 iversem
1089 2130 1159 2196 lin-

87 2236 241 2302 guarum
256 2226 431 2285 rationem.

204 2321 313 2389 Irexicri
322 2335 496 2406 suppeditent
511 2339 645 2407 exempla.
679 2335 814 2404 Equidem
836 2353 884 2390 ear
897 2342 1002 2390 tantum
1025 2337 1161 2393 dictiones

164 2423 408 2490 commemorabo,
438 2439 547 2491 quasa
570 2421 674 2476 criticis
704 2421 860 2474 accuratius
883 2421 1039 2474 declaratas
1068 2422 1159 2476 rideo.

162 2507 211 2560 Da
226 2506 322 2582 verbis
338 2508 367 2560 in
383 2525 464 2560 mana
479 2509 587 2572 habere,
606 2523 659 2560 ease
673 2505 738 2557 vide
753 2503 876 2557 Curtium
893 2505 928 2558 ad
942 2507 1043 2559 Lucan.
1057 2505 1083 2571 7,
1098 2505 1161 2560 233.

161 2591 254 2645 Varia
268 2590 434 2662 significatio
458 2591 583 2651 etiamin
601 2589 711 2644 bexicis
733 2596 774 2643 est
795 2587 926 2657 exposita.
960 2588 1028 2642 Vide
1050 2589 1107 2646 Cic.
1131 2590 1161 2644 in

161 2678 248 2729 Verr.
264 2676 324 2730 Aet.
339 2677 371 2741 1,
389 2676 422 2742 6,
440 2675 482 2730 16.
508 2677 543 2732 ad
560 2671 722 2740 ttt4‚13.·
740 2673 789 2740 13,
804 2671 847 2727 45.
865 2672 947 2728 Tusa.
960 2673 995 2746 5,
1011 2672 1045 2740 7,
1063 2675 1106 2730 18.
1124 2675 1160 2730 ad

46 2793 49 2800 ·
159 2764 223 2828 Au.
247 2760 281 2827 6,
297 2761 324 2815 3.
342 2759 376 2827 4,
392 2761 498 2822 luae
517 2759 606 2816 Amic.
622 2760 674 2826 26,
690 2758 733 2812 uc.
763 2755 936 2826 ttv.4‚5t‚
951 2760 977 2812 1.
999 2759 1160 2828 32,24,2.

54 2897 58 2901 ,
139 2839 355 2916 ,Sallustlug.
373 2845 415 2912 14,
435 2845 462 2903 4.
480 2847 573 2900 Tacit.
589 2845 698 2910 unul,
713 2844 755 2898 46.
781 2845 815 2896 ln
828 2851 1008 2897 manutenere
1028 2861 1081 2897 non
1099 2863 1160 2899 nro-

159 2935 199 2987 do
218 2931 533 2986 sternutamentum.
553 2931 669 2984 ubivid.
691 2933 842 2983 Burmann.
864 2937 892 2980 et
914 2927 1038 2983 Oudend.
1062 2929 1111 2981 sed
1132 2930 1161 2982 in

160 3018 294 3073 manibus
312 3025 398 3070 tenere
417 3017 516 3070 Cicero
539 3016 575 3070 ad
591 3016 646 3068 Art.
661 3015 696 3079 2,
711 3015 737 3066 2.
756 3022 784 3066 et
800 3015 829 3064 ία
845 3030 924 3066 mauu
939 3021 1013 3065 tenco
1029 3011 1104 3085 Plril.
1114 3012 1158 3078 12,

164 3091 196 3169 4,
215 3103 245 3156 9.
263 3120 289 3170 p.
305 3099 380 3154 Geel.
395 3099 439 3165 26,
454 3099 497 3152 63.
517 3091 600 3153 Tusa.
613 3098 639 3164 1,
650 3097 694 3162 29,
710 3097 753 3170 71.
770 3095 848 3159 dixit,
869 3094 989 3160 itemque
1006 3093 1100 3146 Livius
1116 3091 1160 3161 46,

165 3189 217 3255 37,
235 3177 277 3240 3.Ι
288 3188 318 3240 ln
333 3187 422 3239 anime
437 3186 556 3259 cogitare
570 3185 710 3239 illustrant
725 3181 777 3235 int.
788 3181 821 3234 ad
831 3177 929 3231 Vellei.
942 3180 968 3245 2,
983 3177 1025 3231 46.
1052 3179 1161 3234 Curtius

163 3275 206 3329 ad
224 3270 370 3337 Lucan.1,
388 3268 449 3324 247.
483 3272 515 3324 In
532 3271 618 3324 aalma
633 3287 688 3323 csse
702 3266 796 3332 deiis,
814 3281 930 3334 quornm
944 3263 1161 3330 meminerimus,

161 3357 313 3414 Drakenb.
330 3357 366 3409 ad
388 3353 513 3422 tinuit,
533 3355 585 3420 36,
599 3354 625 3408 7.
659 3353 731 3409 ΡΙὶα.
746 3347 819 3405 nist:
839 3367 866 3403 n.
880 3349 923 3415 13,
937 3347 963 3414 6,
980 3347 1006 3414 7,
1023 3347 1050 3403 4.
1065 3352 1162 3420 peritia

157 3445 314 3499 villicorum
330 3443 358 3493 in
377 3459 439 3494 euru
458 3443 578 3494 tutanda
592 3447 637 3494 est.
672 3440 751 3494 Caes.
765 3437 809 3490 23.
828 3438 858 3490 in
872 3453 972 3506 magne
986 3437 1095 3504 negotiu
1110 3438 1168 3490 dra-⁶

158 3529 240 3592 eutr,
263 3523 384 3596 elligere
400 3543 501 3595 semper
515 3542 617 3578 annues
631 3525 815 3593 magistratus.
850 3522 885 3575 ci.
900 3518 1033 3574 Gronorii
1044 3521 1161 3576 Olrrerr.

92 3655 96 3660 .
156 3615 188 3682 2,
209 3609 257 3666 14.
274 3612 306 3664 ln
317 3612 426 3680 foedere
439 3611 531 3670 teneri.
553 3609 609 3662 vid.
623 3609 762 3662 Drakenb.
778 3607 813 3661 ed
828 3605 890 3662 tiv.
906 3605 933 3670 l,
947 3603 991 3670 62,
1004 3605 1031 3659 2.
1168 3616 1172 3626 '

176 3767 214 3829 4.
239 3763 324 3828 Sunt
341 3763 443 3850 igitur
459 3761 621 3849 quaedam
642 3759 822 3840 dictiones,
845 3759 879 3824 in
907 3758 1024 3846 quibus
1047 3757 1085 3822 ia
1109 3755 1161 3820 vi·
1215 3831 1217 3843 Ι
1333 3755 1339 3768 “

81 3873 161 3916 cem
176 3849 441 3938 praepositionis
460 3859 541 3912 ante
560 3857 724 3934 praestare
743 3845 890 3910 videtur:
914 3842 1013 3908 veluti
1030 3842 1066 3916 iu
1083 3863 1161 3906 ocra·

80 3938 129 4003 tis
148 3958 256 4014 esse,
281 3936 321 3999 iu
343 3957 413 3999 ore.
455 3933 496 3998 ln
511 3933 639 4018 aliis'id
661 3930 875 4018 intelligitur,
898 3929 989 4016 quod
1012 3927 1073 3992 sub
1099 3925 1161 3990 ali·
1204 3986 1207 3992 .

81 4045 155 4110 qua
177 4020 299 4088 forma
320 4031 376 4094 aut
394 4019 539 4107 imagine
557 4015 840 4109 reconditur,·ukel
868 4015 959 4104 quod
981 4013 1162 4098 imaginem

80 4107 219 4178 induit.
718 4105 722 4110 '

545 4189 619 4256 i
