2812 4732
629 262 706 327 ΙΝ.
795 279 798 287 ’
1001 279 1003 284 ’
1124 269 1186 336 835
1243 295 1244 302 ¹

159 445 161 452 v
188 395 191 399 .
233 418 332 472 Horat.
346 415 434 483 Epist.
447 416 474 481 1,
489 413 532 480 18,
548 413 593 468 34.
614 417 720 470 dormiri
743 417 772 470 in
795 417 885 470 lucem.
908 417 982 484 quoa
1001 435 1054 473 nan
1076 429 1117 477 erl
1140 442 1186 477 ue-

199 521 253 574 que
279 504 314 557 ad
336 501 515 567 lacern„eed
538 501 610 569 quod
634 501 879 568 Germaaidieunt
903 505 932 579 ia
957 505 1005 575 dea
1029 509 1099 578 Tug.
1143 508 1185 564 Du

198 589 293 644 verbis
308 589 335 640 iu
350 595 450 639 martem
468 585 532 638 ride
550 585 630 638 inira.

231 689 324 754 maa,
334 690 376 756 31,
385 689 427 742 12.
446 690 563 742 inducias
576 691 604 741 iu
613 691 728 760 triginta
743 708 826 752 uanas
837 691 1050 760 impetraverunt.
1067 695 1093 761 l,
1105 696 1147 750 2⁰.
1157 699 1185 754 8.

198 777 357 830 induciaria
375 783 473 827 centum
489 792 571 826 aanor
589 778 681 840 sualua
697 776 991 835 in-eeuulureaaaultum
1014 785 1105 848 referri
1123 786 1186 852 pla-

199 863 262 914 enit.
291 861 400 926 Tiburi.
415 858 449 924 4,
469 859 503 924 2,
518 857 561 926 23.
579 860 627 911 liae
641 860 752 912 solemne
772 877 890 926 eaerum,
917 863 1009 914 mullus
1030 867 1078 918 luae
1101 877 1184 924 rumai

198 949 227 998 ia
242 964 332 998 aanor.
367 947 469 998 Luuan.
486 943 519 1008 l,
534 943 596 1008 640.
624 945 651 996 in
673 951 755 996 tatum
780 946 870 996 mundi
888 947 1059 1014 prosternitur
1083 969 1183 1006 aeuum.
1255 1006 1257 1010 ,

198 1031 226 1099 8,
241 1030 302 1085 182.
319 1049 368 1100 qua
383 1038 408 1084 ie
416 1036 497 1099 sumu
510 1031 604 1097 loquax
617 1029 701 1081 amnia
717 1028 814 1096 aceepit
826 1029 855 1079 iu
870 1047 960 1082 uuuaa.
1084 1027 1088 1038 ‘

232 1134 340 1203 leian.
358 1131 385 1184 in
401 1133 506 1201 Digeat.
521 1131 547 1196 7,
562 1131 589 1196 3,
606 1148 648 1198 pr.
665 1119 742 1183 aliter
754 1139 831 1198 alque
850 1133 873 1184 ri
885 1135 927 1184 eui
942 1134 971 1185 ia
986 1153 1083 1189 menaea
1098 1140 1139 1190 vel
1154 1141 1183 1191 ia
1200 1174 1202 1192 .

198 1221 254 1275 dier
268 1220 307 1271 uel
322 1219 349 1270 in
367 1235 446 1270 annua
459 1217 577 1286 ringulae
594 1217 656 1283 quid
673 1217 792 1284 legetur.-
812 1225 871 1268 luna
894 1219 962 1271 euim
984 1237 1032 1288 pur
1054 1222 1107 1274 dier
1128 1225 1184 1274 aia-

105 1348 109 1355 .
196 1307 274 1376 gulos
294 1305 334 1355 vel
349 1319 444 1356 menaea
464 1303 504 1353 vel
524 1317 603 1351 anuas
622 1300 677 1350 dies
697 1301 783 1369 legali
800 1301 875 1352 cedit.
911 1303 1006 1356 Celeus
1020 1303 1054 1368 4,
1068 1305 1112 1357 2⁰.
1131 1309 1184 1360 eir-

193 1389 388 1442 cumcideudum
402 1389 492 1439 uinum
507 1393 545 1438 est
561 1385 588 1435 ia
603 1381 686 1436 lulum
701 1402 816 1453 uanum,
833 1388 910 1438 elium
928 1389 951 1440 ai
966 1408 1039 1442 curua
1053 1392 1121 1460 idem
1130 1410 1184 1444 aaa

194 1475 340 1528 revertitur.
367 1471 384 1536 i.
407 1488 430 1522 a.
451 1488 500 1538 per
522 1475 610 1522 tatum
628 1485 737 1522 annum.
770 1471 868 1524 Horat.
884 1472 942 1526 Art.
960 1471 985 1540 ρ’.
1000 1473 1042 1527 60.
1065 1483 1094 1528 ut
1111 1477 1183 1530 silvie

187 1561 261 1627 salia
273 1573 370 1628 prauae
385 1563 520 1609 mutuatur
532 1557 561 1606 ia
576 1571 665 1607 aanor.
683 1553 703 1605 i.
719 1570 744 1606 a.
762 1573 812 1623 per
830 1551 999 1611 autumnalia
1014 1565 1148 1626 tempore.

231 1663 262 1714 Iu
277 1677 351 1714 amne
366 1667 466 1728 tempus
480 1661 521 1709 eet
529 1662 582 1726 fuir
596 1659 648 1710 ulle
670 1659 735 1710 Zeit.
770 1658 826 1711 Cic,
842 1659 876 1711 ad
892 1659 968 1714 Fani.
986 1659 1012 1725 5,
1028 1659 1070 1726 15,
1088 1663 1112 1714 1.
1128 1665 1182 1716 miri

122 1794 124 1800 ,
189 1749 220 1801 id
234 1748 336 1799 uerbum
352 1746 380 1796 in
395 1761 472 1797 amne
488 1751 587 1812 tempus
599 1744 776 1812 perdidissem.
812 1743 891 1796 Ouid.
908 1763 941 1798 ex
958 1747 1035 1801 Parit.
1052 1745 1079 1813 4,
1094 1745 1121 1814 5,
1137 1747 1179 1800 39.

189 1833 278 1895 iurat,
297 1847 323 1882 ae
331 1834 394 1897 sore
407 1829 565 1898 mancipium
577 1833 678 1896 kmpua
697 1827 725 1879 in
738 1848 812 1882 amne
835 1839 917 1886 tuam.

87 2037 89 2046 ,
143 1997 156 2040 ·.
207 1981 337 2048 Deinde
353 2001 421 2043 non
440 1973 630 2043 diuturnum
647 1989 779 2069 tempus
796 1983 1008 2070 intelligitur,
1033 1986 1089 2051 sed
1107 2009 1181 2051 cer·

120 2079 199 2132 tum
223 2077 375 2152 tempus,
413 2065 503 2150 quod
526 2065 575 2128 vel
609 2067 650 2136 ad
680 2091 752 2132 rem
775 2071 934 2155 agendam
960 2061 1178 2152 consilinum,

120 2153 177 2220 vel
197 2154 251 2216 eui
269 2150 390 2236 aliquid
406 2161 454 2214 est
472 2152 668 2216 destinatum
691 2165 747 2218 aut
764 2169 977 2222 reservatum.
1021 2161 1180 2224 Germani

120 2235 199 2328 auf
211 2237 317 2328 atsur
332 2236 455 2300 dicunt.
501 2237 568 2316 Qui
586 2235 684 2302 hodie
700 2241 931 2390 aeribuutdpro
949 2245 1011 2308 luae
1023 2245 1090 2320 die,
1115 2269 1178 2331 pro

116 2326 184 2390 leoc
200 2347 314 2400 anno,
336 2321 470 2386 audiant
484 2322 689 2388 Hadrianum
704 2325 833 2390 Cardia.

117 2434 155 2501 p.
176 2415 257 2478 250.
279 2407 373 2496 (85.).
552 2417 564 2456 s

227 2530 322 2586 Plane
337 2529 425 2582 Stich,
440 2529 466 2594 3,
481 2529 509 2594 2,
527 2529 571 2582 24.
598 2529 679 2582 ulium
700 2520 833 2582 'eauuiuum
849 2532 967 2604 quaerite
986 2533 1037 2586 tili
1059 2534 1087 2586 ia
1108 2529 1178 2588 laune

187 2618 272 2672 diem.
306 2612 332 2679 4,
348 2613 375 2677 l,
391 2614 432 2666 12.
453 2616 498 2666 ille
511 2615 567 2668 lueri
585 2633 624 2668 me
638 2616 693 2667 iam
715 2623 851 2690 uocauere}
869 2617 896 2668 ia
917 2617 985 2669 lruae
1005 2619 1081 2672 diem
1119 2619 1177 2673 Cic.

188 2703 225 2755 de
241 2699 313 2770 Leg-
330 2701 396 2768 Agr.
412 2699 438 2764 1,
455 2698 481 2764 2,
500 2697 527 2752 4.
549 2700 657 2753 audiatis
673 2700 819 2753 auctionem
834 2701 925 2769 pepuli
944 2704 1046 2754 romani
1061 2706 1177 2773 praeeri-

182 2796 264 2859 plam
279 2804 297 2838 a
312 2785 416 2838 traam
430 2785 514 2852 plebia
529 2786 697 2839 coustitutum
713 2786 740 2836 ia
759 2795 869 2837 mensem
883 2786 1048 2840 ianuarium.
1069 2788 1103 2840 da
1121 2787 1176 2841 Off.

184 2868 291 2936 3,14,
308 2866 351 2920 58.
376 2870 412 2920 ud
433 2885 537 2920 erenum
554 2870 681 2921 hominem
701 2871 730 2921 iu
751 2871 847 2922 leurloa¹
862 2871 977 2923 inuitauit
1000 2873 1028 2922 ia
1045 2882 1177 2940 pasterum

874 2350 891 2390 a
908 2328 1017 2393 Madia
1032 2331 1089 2394 lut.
1104 2331 1177 2418 loq.

183 2959 269 3011 diem.
304 2973 332 3022 p.
349 2953 437 3005 Deiat.
454 2950 480 3016 l,
495 2952 538 3004 21.
556 2954 584 3003 in
602 2961 732 3020 porterum
748 2955 816 3006 diem
831 2955 942 3007 distulit.
977 2956 1010 3006 de
1028 2956 1090 3008 niv.
1105 2957 1131 3022 2,
1147 2956 1174 3021 6,

173 3040 230 3096 ,la
257 3039 323 3092 ralia
337 3039 492 3104 defectiones
508 3039 616 3104 itemque
629 3039 707 3090 lunae
721 3040 909 3107 praedicuntur
930 3041 959 3090 ia
982 3041 1074 3092 multae
1094 3059 1176 3094 aanor

180 3129 218 3182 ab
237 3126 294 3187 iia,
315 3124 360 3192 qui
375 3123 489 3174 aidanum
513 3138 600 3172 currus
622 3128 648 3173 el
662 3129 747 3174 malua
764 3123 877 3176 numeria
894 3130 1091 3192 persequuntur.
1114 3121 1134 3175 i.
1151 3141 1175 3178 a.

181 3217 240 3281 uus
252 3210 319 3262 niele
332 3208 424 3260 delere.
458 3203 519 3258 Liv.
533 3205 559 3270 2,
574 3202 618 3269 42,
633 3205 659 3270 1,
676 3223 721 3258 uec
738 3205 767 3257 iu
778 3223 902 3275 praesum
913 3209 1008 3272 mado,
1025 3209 1070 3260 red
1084 3207 1112 3260 iu
1129 3227 1175 3262 ue·
1230 3261 1240 3283 Ι

177 3299 299 3350 aientem
325 3295 404 3346 etium
425 3309 524 3344 annum
549 3291 589 3343 M.
610 3291 722 3344 Fabium
742 3319 776 3330 —
799 3297 825 3342 et
848 3291 879 3342 li.
905 3293 1035 3346 Valerium
1059 3296 1174 3346 caerulea

175 3383 266 3436 dedit·
302 3376 327 3442 3,
344 3377 388 3442 38,
403 3377 429 3431 3.
448 3379 539 3430 iubent
555 3377 637 3428 ueeiri
653 3375 742 3430 amaea
763 3381 928 3445 aemulumque
942 3379 981 3429 ia'
994 3380 1062 3430 diem
1083 3387 1176 3448 paule*
1197 3437 1204 3451 Ι
1234 3372 1245 3398 “

177 3464 378 3520 rumelicum.
415 3462 472 3516 (lic.
498 3479 524 3530 p.
547 3460 608 3514 Mil.
626 3457 659 3525 9,
675 3459 719 3513 24.
736 3462 821 3514 iubila
844 3461 947 3528 reliquit
972 3479 1071 3515 annum
1087 3481 1173 3527 auum,

175 3567 257 3619 reque
280 3549 424 3608 lunanum
439 3549 588 3618 proximum
611 3545 753 3600 trmnlulit.
787 3544 851 3599 Alia
871 3535 934 3597 vide
952 3547 1024 3614 apud
1037 3547 1173 3601 Hadrian.
1282 3585 1288 3592 -

180 3635 300 3692 cardin.
318 3633 338 3685 1.
356 3635 376 3686 l.

217 3735 302 3792 Gaui.
325 3734 357 3788 B.
375 3735 442 3806 gall.
464 3734 498 3799 1,
520 3734 564 3790 2⁰.
589 3741 692 3801 maaet,
714 3743 743 3789 ul
763 3737 791 3789 iu
812 3735 938 3804 reliquum
961 3740 1062 3802 lempna
1086 3738 1174 3787 amaea

175 3823 341 3894 rnapieianea
357 3823 428 3888 vitel.
462 3818 545 3882 3,16.
561 3821 664 3888 laquea
689 3839 719 3874 eo
737 3823 847 3892 grauius
872 3821 967 3872 Caesar
988 3820 1173 3903 uindicandum
1230 3880 1233 3891 Ι

174 3909 294 3970 statuit,
311 3923 360 3974 qua
378 3905 532 3976 diligentius
547 3905 576 3956 ia
595 3905 724 3974 reliquum
747 3914 881 3974 tempusa
901 3905 1020 3958 barbaria
1038 3906 1079 3956 iae
1095 3905 1173 3973 legu-

175 4003 269 4050 iarum
286 3999 487 4044 conservaretur.
523 3987 551 4052 1,
566 3986 609 4042 53.
629 3997 716 4046 ulrum
729 3991 788 4062 igni
803 3977 896 4046 atatim
918 3995 1070 4057 auraretur,
1088 4005 1124 4040 aa
1143 3987 1172 4040 ia
1259 4015 1262 4022 ·

173 4081 255 4134 uliud
268 4085 371 4147 tempus
384 4081 568 4132 rererauretur.
612 4063 615 4069 ’
