2812 4732
233 325 297 394 eoa
577 327 581 334 ·
732 306 794 374 tn.
894 275 896 281 ’

309 476 357 530 teu
371 467 481 526 anhleta
494 470 575 536 meet,
594 467 627 520 nt
642 461 715 532 apud
729 443 790 516 liin.
805 461 851 526 29,
870 459 915 526 la,
930 459 957 513 ⁷.
974 476 1095 530 reponere
1112 459 1142 514 in
1160 443 1303 521 tlneruurer.

304 559 355 613 ubi
378 561 472 610 nutem
488 569 538 623 pru
561 549 682 621 simplici
706 565 804 618 ponere
826 551 967 612 sumatur,
993 551 1099 600 textum
1121 563 1217 600 cneum
1242 565 1303 600 enee
1370 569 1371 598 ι

305 638 530 715 praeterendum.

344 746 487 799 Colleenre.
520 732 732 800 ennuntiat,
748 731 776 798 8,
789 732 815 785 6.
833 736 965 804 multoque
977 733 1050 804 prius
1072 749 1114 785 rae
1129 735 1255 786 eollneaei
1276 734 1304 784 ia

293 816 432 886 'ermen
468 826 582 879 Terent.
596 823 665 876 Eun.
678 820 705 886 3,
722 819 749 885 5,
769 817 814 872 45.
830 821 921 896 deinde
935 837 994 872 eum
1016 819 1046 871 in
1063 819 1157 870 hetam
1174 819 1237 868 illae
1252 818 1306 868 enl-

308 905 440 970 l'eenruat.
475 911 555 964 caer.
577 909 611 961 Β.
634 905 741 976 galil,
756 903 798 957 18.
816 923 929 960 aurorem
952 923 982 958 er
998 912 1081 956 matre
1102 910 1127 955 et
1144 904 1307 972 propinquae

308 1017 371 1056 aaut
386 1003 494 1066 nuptum
505 996 534 1046 in
553 993 743 1046 aliaeeivitutee
762 992 905 1042 eollaeuere.
929 987 979 1041 ubi
994 1005 1064 1058 quae
1078 986 1236 1056 llernogius
1250 987 1308 1037 die·
1346 1057 1349 1062 Ι

315 1089 394 1154 putet
413 1083 447 1135 de
470 1074 773 1150 significationenerbi
792 1076 933 1139 eolleeure,
963 1073 1035 1142 quod
1057 1090 1121 1125 eum
1145 1074 1308 1126 accusative

278 1227 281 1231 ,
313 1167 495 1237 compositum
515 1162 705 1232 expulsionem
728 1165 757 1215 et
783 1159 842 1214 vim
864 1159 980 1226 indicet,
1009 1156 1124 1212 eubtiliu
1148 1162 1229 1245 sunt,
1255 1171 1309 1208 uun

314 1270 395 1309 le'd·

248 1336 250 1344 ,
330 1353 530 1416 euentum,
556 1347 605 1401 nbi
634 1348 712 1400 leena
741 1349 783 1400 eet
809 1345 1005 1412 nominandur,
1030 1345 1187 1400 ablativum
1214 1345 1310 1408 hebel,
1372 1361 1373 1386 ;

314 1454 482 1512 quamquem
506 1434 619 1502 qnidam
643 1429 734 1484 eritiei
756 1430 915 1484 dubitarunt
937 1432 965 1484 in
989 1433 1103 1486 Sallust.
1126 1431 1189 1502 cut.
1210 1429 1263 1496 58,
1286 1430 1311 1483 2.

316 1532 372 1580 neta
388 1525 502 1576 eulmine
516 1522 543 1572 in
556 1522 649 1586 fronte
663 1516 804 1570 ennetituit.
839 1514 910 1568 Nam
927 1517 1000 1584 quod
1018 1515 1139 1572 efferunt
1152 1516 1252 1581 lustin.
1268 1514 1311 1578 39,

316 1607 351 1673 4,
373 1608 398 1660 1.
422 1623 486 1676 rege
501 1607 528 1657 ia
545 1605 627 1656 locum
639 1603 738 1672 fratria
752 1601 1030 1668 constitutaprnreue
1044 1601 1115 1657 eliae
1129 1606 1171 1654 eet
1188 1600 1310 1654 rationis.
1372 1597 1373 1602 ’

311 1674 375 1745 ‘cie
392 1709 419 1759 p.
435 1691 467 1742 [t-
480 1691 554 1756 Meu.
567 1688 621 1753 21,
637 1685 681 1739 62.
705 1692 785 1739 tuate
806 1686 836 1737 in
849 1675 885 1738 'ee
899 1686 939 1738 rei
956 1687 1077 1756 pellieae
1093 1689 1155 1742 teu
1178 1689 1312 1758 gerendae

317 1793 376 1849 rpee
391 1776 616 1839 enutituellater,
634 1779 663 1826 ut
683 1774 737 1823 ete.
1372 1829 1374 1862 A

315 1933 388 1994 ¹12.
411 1926 525 1992 Motus
544 1913 692 1992 cernitur
709 1924 744 1988 in
768 1921 827 2003 iis,
850 1942 934 2010 quae
953 1943 1066 2008 ,versus
1089 1922 1239 2009 aliquem
1263 1923 1311 1988 lo-

253 2035 331 2080 eum
349 2013 538 2097 diriguntur
557 2009 608 2075 vel
629 2008 817 2072 flectuntur.
860 2009 974 2090 Quare
997 2009 1035 2074 in
1058 2010 1166 2074 Latini
1194 2012 1311 2082 dieunt,

252 2100 312 2165 ubi
330 2098 488 2163 Germani
503 2096 596 2178 lu'n.x
619 2093 657 2158 ld
674 2093 875 2160 transfertur
892 2094 935 2160 ad
952 2117 1005 2160 res
1026 2118 1096 2160 non
1112 2118 1214 2160 sensu
1239 2119 1310 2184 per·
1374 2097 1375 2140 l

192 2247 195 2250 .
254 2183 445 2272 eipiendas‚
473 2191 507 2248 et
536 2179 658 2245 dieitur
680 2181 722 2245 de
746 2180 859 2249 animo
883 2180 925 2244 ad
949 2181 1072 2268 aliquid
1097 2182 1260 2247 tendente
1285 2192 1309 2246 el

255 2271 297 2336 de
313 2268 464 2340 consilio.
506 2266 570 2331 Sed
588 2287 840 2353 percenseamus
854 2267 993 2354 singula.
1038 2269 1193 2334 Primum
1217 2269 1310 2357 igitur

254 2355 293 2434 ip
313 2366 362 2421 est
382 2373 511 2436 versus,
535 2353 703 2418 adversus.
1074 2353 1084 2394 ι’
1109 2369 1112 2377 ·
1375 2358 1376 2406 l

356 2497 451 2551 Pluut.
467 2495 566 2564 Amph.
589 2494 622 2560 1,
638 2491 700 2546 188.
720 2492 801 2562 (113.)
828 2492 903 2546 eiia
924 2511 964 2546 me
988 2493 1145 2547 exerciturus
1171 2495 1311 2566 (pugnat),

323 2598 434 2650 paruero,
454 2579 482 2638 ia
492 2581 623 2647 parietem
635 2587 667 2632 ut
677 2580 794 2656 primum
816 2579 913 2631 damer-
930 2577 948 2632 i.
967 2595 992 2632 e.
1018 2578 1149 2632 udverrur
1171 2581 1311 2648 parietem,

241 2683 244 2694 ¹
324 2682 388 2718 eum
402 2663 582 2715 verberando.
615 2661 718 2715 Lucan.
732 2663 759 2728 6,
773 2661 833 2715 471.
849 2664 1009 2732 puppimque
1022 2667 1137 2730 serentes
1158 2665 1190 2717 in
1212 2676 1312 2721 nentem
1371 2679 1376 2695 ¹

323 2756 440 2802 lemane
456 2746 535 2798 tinne.
553 2746 571 2800 i.
590 2764 614 2799 e.
630 2749 787 2801 windwdrte.
821 2746 855 2813 3,
869 2745 932 2800 545.
953 2749 980 2799 in
993 2749 1103 2817 puppim
1120 2751 1225 2804 rediere
1244 2761 1314 2806 rates.

323 2829 373 2884 unt
388 2827 545 2899 Sulpicium
570 2833 606 2884 u'e
619 2833 679 2900 equi
694 2835 816 2888 dicuntur
830 2835 860 2888 in
872 2838 957 2903 freae
974 2833 1076 2900 redire,
1093 2837 1164 2904 pulei
1188 2837 1220 2890 ia
1234 2845 1315 2908 terge

322 2917 448 2972 recedere.
483 2915 527 2969 ct.
543 2917 695 2970 Burmann.

358 3019 472 3073 Terent.
490 3018 540 3072 Ad.
555 3019 589 3085 2,
605 3019 638 3086 4,
655 3019 681 3074 5.
703 3039 791 3075 uereor
805 3040 892 3089 earn—m
913 3020 942 3074 ia
963 3038 992 3074 oe
1010 3027 1037 3075 le
1061 3022 1176 3086 laudare
1200 3026 1316 3095 amplier.

325 3103 344 3156 i.
361 3121 385 3156 e.
404 3099 478 3157 aurel
492 3101 583 3171 στόμα
598 3101 733 3174 ἐπαινεῖν,
752 3109 791 3160 iae
808 3109 911 3160 Geeieltt
927 3107 1008 3161 leden
1032 3107 1093 3161 Nun
1107 3112 1186 3184 reete
1199 3109 1316 3162 Priscia-

324 3207 377 3243 nua
394 3207 421 3258 p.
439 3189 516 3242 1118.
532 3195 610 3258 put'at
625 3209 685 3245 ease
701 3209 752 3260 pra
769 3194 798 3245 ia
815 3191 986 3250 predictum.

361 3294 434 3345 Dure
450 3292 480 3344 in
494 3298 616 3346 nentrum
633 3299 675 3347 eet
690 3295 826 3365 tingetur.
859 3293 939 3348 ortt.
953 3293 1023 3349 Her.
1038 3293 1082 3362 21,
1097 3292 1161 3350 240.
1180 3297 1263 3366 depae
1284 3299 1316 3352 li-

326 3361 389 3430 lette
408 3377 532 3430 uietuein
546 3385 594 3431 lue
607 3386 667 3431 netu
681 3396 783 3433 manue.
824 3433 826 3440 s

158 3541 161 3547 ¹
192 3517 216 3543 -,
360 3478 461 3548 Virgil.
474 3480 541 3533 Aen.
557 3479 584 3548 5,
601 3480 661 3534 147.
677 3482 789 3552 aurigae
806 3505 841 3522 ·-
857 3482 1097 3550 penitentialem
1114 3485 1239 3553 pendeat.
1267 3485 1317 3540 sit.

167 3578 171 3588 ¹
257 3561 260 3566 ’
327 3565 391 3620 ltul.
409 3563 437 3631 8,
451 3564 512 3619 233.
527 3584 652 3638 praeeepe
665 3569 771 3639 trepida
783 3568 898 3638 pendeas
913 3567 942 3620 ia
956 3569 1069 3627 verbera.
1098 3568 1303 3624 ubiHeineiue.
1375 3601 1376 3608 κ

344 3722 395 3782 ts.
424 3717 534 3783 Etiam
558 3717 652 3784 loeus
678 3731 734 3785 aut
757 3719 849 3808 regio
873 3719 1086 3809 intelligitur,
1109 3743 1212 3810 quam
1239 3719 1317 3808 qnid
1375 3743 1376 3756 ²

258 3812 401 3886 apertat,
426 3816 480 3869 aut
503 3805 545 3870 ad
568 3826 669 3891 quam
693 3809 810 3894 vergit.
862 3807 946 3870 Hinc
969 3809 1012 3872 in
1031 3808 1143 3885 latua,
1166 3807 1206 3871 in
1233 3809 1319 3873 ‹iex-

191 3965 194 3970 .
231 3897 360 3961 strum·
400 3889 510 3955 Etiam
528 3891 784 3959 verbaeubnndi
802 3892 1153 3959 cumhisnominibus
1172 3895 1318 3958 coniun-
1375 3947 1376 3952 ,

172 4053 175 4060 s
260 3985 396 4069 guntur.
439 3977 529 4041 Aliae
546 3977 712 4046 formulae
739 3979 790 4048 vel
811 3978 982 4046 technicae
1007 3981 1058 4046 vel
1084 3981 1226 4068 vulgaris
1251 4004 1319 4044 ser·

256 4061 366 4125 monis
397 4063 575 4128 commode
613 4086 688 4131 eum
718 4063 769 4131 his
802 4069 992 4154 comparari
1022 4077 1184 4154 possunt,
1228 4067 1318 4131 velut

258 4166 363 4232 quum
379 4147 501 4224 Plinius
515 4150 597 4218 Hist.
613 4161 681 4218 nat.
703 4157 753 4236 10,
771 4153 825 4235 53,
841 4155 895 4219 76.
919 4154 1070 4243 scripsite
1094 4175 1175 4220 aree
1200 4173 1316 4218 omnes
