2738 4730
295 336 298 346 ,
428 249 567 333 uu.
609 194 750 336 ictuc.⁴
1032 247 1129 336 'aaa
1215 343 1218 348 .

248 435 251 443 ¹
360 403 849 532 innatantes

168 587 322 654 Dativum
344 587 399 652 illi
421 586 566 652 Romani
591 587 735 674 Grae-cos
756 585 922 651 imitantes
948 585 989 650 ad
1020 588 1132 656 locum

89 665 325 759 designandum
352 672 588 753 adhibuerunt,
611 682 644 736 et
658 671 778 736 adiecta
795 672 901 748 littera
924 671 1132 740 demonstra-

88 759 156 822 tiva
176 782 194 823 c
215 759 367 825 fecerunt
387 757 459 822 illic
483 757 684 823 adverbium.
729 758 872 837 Quidam
893 757 995 822 hodie
1016 763 1133 846 appel·
1163 777 1167 781 ’

86 843 158 908 lant
174 867 284 911 casum
301 843 490 910 locativum.
532 843 569 908 ln
589 843 730 916 clittera
745 845 999 910 monstrativum
1015 869 1052 910 ce
1067 847 1134 911 iam

86 939 210 995 veteres
248 941 483 1015 cognoverant.
547 928 624 993 Vid.
662 929 839 1014 Pompeius
871 929 905 992 iu
946 931 1134 997 Commeat.
1193 981 1196 991 .

86 1035 121 1102 p.
139 1017 214 1081 341.
259 1016 323 1080 Sed
347 1017 521 1101 scriptores
545 1037 615 1078 non
638 1013 758 1099 ubique
781 1014 836 1078 illi
857 1037 919 1101 pro
944 1013 1017 1079 illic
1038 1037 1137 1084 usur-
1175 1085 1180 1090 ,
1248 1038 1274 1068 κ

85 1111 229 1187 parunt,
253 1100 483 1165 consuetudini
503 1101 605 1186 magis
623 1121 721 1184 quam
745 1099 873 1188 regulae
899 1099 1136 1189 obtemperan-

64 1191 149 1250 tes.
193 1187 279 1250 Nam
302 1189 596 1274 grammaticorum
626 1185 775 1248 doctrina
797 1188 833 1250 in
854 1185 912 1248 'bis
934 1185 1053 1251 formis
1076 1211 1136 1254 ex-
1163 1233 1164 1238 κ

83 1271 250 1359 plicandis
266 1294 379 1336 manca
396 1271 496 1336 fuisse
511 1262 638 1336 videtur
655 1281 687 1336 et
702 1269 794 1334 falsa.
828 1271 928 1352 Quod
950 1273 1136 1339 Priscianus
1251 1311 1253 1316 ·

86 1379 123 1446 p.
143 1359 217 1423 948.
239 1356 339 1422 affert
357 1358 396 1434 de
412 1357 573 1424 vocabulo
590 1356 725 1431 illicce..
746 1355 959 1444 desumptum
976 1369 1046 1424 erat
1063 1361 1137 1426 vul-

86 1444 161 1528 gari
182 1443 350 1520 sermoni,
372 1443 407 1507 in
434 1466 500 1527 quo
527 1443 644 1508 ultima
669 1441 794 1528 syllaba
815 1452 988 1531 tantopere
1010 1445 1138 1512 solebat

87 1529 185 1610 acui,¹
199 1539 241 1593 ut
255 1551 340 1594 nova
355 1527 486 1616 syllaba,
506 1553 543 1596 ce
566 1529 743 1616 exsisteret.
786 1528 834 1593 Ab
858 1551 897 1594 ec
924 1551 1002 1596 vero
1026 1555 1139 1618 gram·-

86 1617 175 1680 ticus
199 1615 254 1680 ille
284 1615 408 1702 derivat
432 1616 522 1699 illic,
552 1612 643 1702 quod
675 1613 774 1700 quasi
798 1637 954 1700 apocopa
966 1613 1073 1705 facta
1099 1641 1138 1698 tn

82 1697 160 1787 fine
177 1713 284 1768 cerret
300 1714 488 1766 accentum.
505 1747 510 1753 ι
532 1701 838 1766 Pronuntiationem
858 1701 948 1764 euim
971 1703 1140 1788 vulgarem

87 1787 259 1871 sequitur,
283 1809 347 1874 qua
375 1789 468 1854 bisce
494 1811 558 1876 pro
581 1785 786 1851 nominativo
815 1786 890 1850 laice
911 1785 1081 1870 dicebaut,
1107 1800 1145 1854 et

86 1873 205 1938 illicce
234 1896 297 1960 pro
323 1873 431 1950 illice,
456 1877 600 1940 accentu
623 1883 769 1960 gravato.
819 1871 936 1936 Melius
957 1871 1043 1938 hano
1066 1897 1140 1940 rern
1177 1883 1183 1896 “

86 1968 215 2022 tractat
235 1959 412 2044 Pompeius
443 1961 630 2023 Comment.
662 1961 738 2024 artis
760 1957 847 2021 Dan.
869 1963 929 2036 27,
949 1962 980 2022 6.
1011 1981 1046 2045 p.
1065 1962 1141 2026 341:

30 2091 34 2100 ·
84 2043 155 2108 sed
176 2039 264 2122 illud
281 2045 401 2125 (istuc)
442 2067 478 2108 er
495 2066 669 2130 apocopen
683 2043 845 2124 dicimus.
888 2043 1035 2110 Maiores
1051 2046 1143 2112 enim

84 2128 208 2206 nostri
217 2128 343 2214 plenas
353 2067 524 2194 delibant
539 2131 776 2216 eloquutionea.
820 2125 884 2212 Sic
893 2141 924 2193 et
941 2130 1028 2196 istuc
1044 2132 1145 2219 quasi

83 2216 223 2293 istuce,
243 2213 292 2278 sic
317 2226 349 2279 ct
366 2215 442 2301 sac,
466 2217 564 2302 qrcasi
582 2213 679 2304 face.
697 2275 704 2278 .
723 2213 775 2279 ef.
801 2213 841 2276 de
867 2213 994 2280 litterae
1018 2241 1036 2282 c
1057 2240 1143 2306 pro-

84 2300 307 2378 nuntiatione
338 2301 553 2374 Consentium
580 2302 620 2364 de
647 2299 809 2364 Barbarie.
837 2303 888 2364 13.
914 2323 950 2386 p.
969 2307 1023 2366 21.
1081 2303 1146 2369 Alii

85 2383 207 2451 antem
223 2384 423 2460 docuerunt,
447 2385 583 2450 alteram
599 2385 742 2449 formam
757 2383 830 2463 illi,
851 2405 951 2468 quam
966 2387 1071 2472 ipsam
1086 2387 1146 2452 ad·
1174 2384 1180 2424 ²

86 2471 248 2537 verbiurn
266 2472 451 2544 nominant,
470 2483 557 2536 recte
582 2471 742 2558 usurpari.
784 2469 934 2534 Donatus
952 2473 992 2535 ad
1007 2472 1146 2540 Terent.
1188 2541 1191 2554 ,

86 2558 151 2623 Ad.
180 2565 210 2630 1,
228 2561 366 2634 2‚‘86.²e
393 2581 414 2620 o
429 2556 484 2620 illi
506 2558 694 2636 maximam
712 2567 851 2642 partem
863 2555 998 2646 seram]
1026 2571 1147 2625 errant
1184 2574 1215 2625 Ἃ

109 2645 151 2707 ui
172 2653 302 2729 putent
320 2643 334 2706 i
341 2581 398 2708 lli·
419 2665 489 2708 csse
509 2656 724 2730 piammon,
756 2663 857 2729 quum
879 2641 926 2716 ait
949 2642 1148 2710 adverbium

87 2665 182 2804 loci,
208 2728 391 2814 ut(Virgil.
409 2733 487 2792 Aen.
506 2730 639 2813 2‚548.)
668 2728 748 2793 illi
770 2749 863 2790 mea
893 2729 1056 2795 tristia
1069 2727 1147 2820 fu-

87 2826 166 2878 cta
205 2811 550 2902 degeneremque
582 2813 914 2901 Neoptolemum
950 2838 1148 2883 narrare

88 2911 326 2964 memento.
376 2899 455 2966 Illi
482 2924 565 2988 ergo
589 2899 655 2979 ibi,
681 2898 739 2962 oti
761 2899 819 2962 ille
837 2911 974 2984 peccat.
1030 2901 1187 2981 (lirare.

87 2984 246 3073 quidam
261 2976 368 3048 ctiam
384 2984 418 3048 li
439 2985 610 3071 syllabam
634 2983 849 3048 discretionis
866 3005 1009 3065 caucaso,
1032 2996 1070 3048 ut
1094 2987 1109 3048 l
1129 3023 1150 3036 -

87 3094 172 3134 cum
189 3065 387 3158 significet,
407 3071 609 3158 corripiunt.
651 3069 743 3134 ldern
767 3069 806 3132 ad
829 3067 907 3130 Hec.
930 3075 959 3145 1,
973 3075 1003 3146 2,
1023 3074 1074 3134 19.
1098 3071 1151 3137 le-

84 3159 200 3244 gitur
223 3167 255 3220 et
275 3153 372 3234 illi,
393 3166 431 3219 ut
445 3156 490 3220 sit
506 3153 742 3242 circumflexus
757 3165 915 3217 accentus
931 3165 963 3218 et
977 3151 1152 3245 significet

88 3243 227 3323 illic,
254 3253 291 3306 ut
318 3239 395 3306 illi
424 3263 516 3306 mea
544 3241 710 3306 tristia
737 3237 886 3328 facta.
938 3238 988 3304 Ec
1014 3239 1111 3306 absol
1132 3277 1153 3293 -

89 3339 172 3392 tum
189 3339 254 3397 est.
299 3325 412 3406 Qualis
428 3327 508 3392 haec
524 3329 565 3391 sit
585 3327 751 3410 doctrina,
774 3336 938 3412 monstrat
958 3326 1051 3390 locus
1077 3329 1152 3393 Vir·

88 3416 189 3500 gilii,
228 3413 262 3477 in
286 3433 475 3496 quonemo
499 3413 659 3498 dubitabit
680 3413 735 3476 illi
765 3411 975 3498 pronominis
1007 3413 1153 3480 dativum

88 3511 232 3588 putare.
276 3497 344 3561 Nec
362 3509 469 3584 potest
492 3510 619 3562 certum
645 3507 895 3586 argumentum,
920 3520 986 3583 quo
1010 3498 1064 3564 illi
1087 3523 1151 3588 pro

88 3581 329 3650 illic'dictum
352 3585 607 3672 comprobetur,
629 3606 671 3648 ex
694 3583 838 3648 metricis
859 3583 1048 3648 'rationibus
1073 3587 1153 3672 peti,
1220 3645 1223 3649 .

91 3671 265 3758 quoniam
284 3669 357 3733 illic
377 3693 393 3733 a
413 3671 548 3733 comicis
573 3671 669 3734 etiam
695 3667 819 3733 duabus
843 3668 978 3756 syllabis
1001 3669 1153 3738 brevibus

88 3755 354 3845 pronuntiatur.
403 3755 478 3820 Vid.
502 3755 619 3820 Ritter.
641 3755 682 3820 ad
718 3755 855 3820 Terent.
880 3753 982 3818 Andr.
1011 3761 1042 3830 4,
1066 3757 1099 3837 4,
1120 3763 1154 3822 3.

90 3845 138 3908 Et
167 3841 355 3919 contraria,
377 3841 433 3904 sed
457 3841 583 3906 veriora
607 3839 647 3905 de
668 3851 805 3904 accentu
832 3839 945 3936 prodit
975 3841 1154 3928 Pompeius

88 3935 157 4004 27,
181 3931 219 3992 6.
242 3949 275 4010 p.
293 3927 366 3990 341.
419 3925 546 4006 Quibus
569 3925 668 3990 rebus
686 3948 746 4012 per
772 3947 876 4006 ens1s,
897 3926 942 3990 ita
960 3925 1089 3990 videtur
1113 3927 1155 3990 de

89 4015 165 4080 hoc
185 4011 293 4076 verbo
313 4011 544 4075 iudicandum:
570 4012 722 4096 antiquos
742 3947 911 4074 iomanes
935 4009 1007 4092 illi,
1031 4013 1093 4109 qui·
1107 4023 1156 4076 est

82 4101 237 4192 ¹dativus
251 4099 317 4164 sive
330 4096 488 4185 locativus
503 4097 724 4187 pronominis,
746 4115 810 4184 pro
828 4095 981 4165 adverbio
998 4113 1157 4184 posurssc,
