2738 4730
487 353 641 424 '‘IN.
901 393 937 432 '.
1061 369 1146 433 ‘291
1248 458 1249 464 Ν

156 518 322 585 perpetuum,
340 509 529 582 inpraesentia
544 506 657 583 singulis
671 511 748 566 bobas
766 511 871 568 doaott.
893 502 929 582 ¹2,
945 512 989 582 24,
1001 515 1027 572 2.
1045 515 1089 584 at,
1099 513 1144 588 85,

84 621 87 626 >
156 599 201 654 ll.
216 600 314 651 durent
333 598 434 650 talento
455 606 557 651 centum
579 599 686 668 urgenti
706 595 734 651 r'o
751 598 883 668 praesenti
906 609 932 656 et
954 602 1146 673 quinquaginta

155 682 300 740 talentum
315 681 435 752 singulos
451 699 543 736 annos.
559 699 563 710 ’
598 705 601 737 ;

191 785 304 840 Terent.
318 785 421 838 fleant.
436 781 463 850 5,
478 783 505 850 2,
517 785 544 838 9.
560 783 606 838 att
619 791 644 839 te
657 781 714 844 aiut
728 779 816 856 aalma
830 803 883 840 ease
900 788 993 842 omisso
1009 793 1035 844 et
1051 792 1145 847 tuccia

155 869 185 926 r‘n
198 869 347 942 praesentia
364 885 429 937 quae
441 877 542 938 essent,
559 871 646 938 primo
663 870 778 935 babere,
796 887 879 942 oeque
899 875 1029 930 meruleto
1042 876 1072 928 iu
1087 878 1145 930 lon·

70 955 82 1014 J
155 957 323 1028 guttatim,
335 955 390 1024 cepi
403 955 539 1009 ratonem.

151 1087 232 1170 'flu
263 1100 372 1170 Verba
393 1111 489 1189 suut,
514 1127 597 1194 quae
619 1117 801 1194 utrumque
825 1127 935 1172 casum
958 1104 1143 1195 admittant,

85 1191 156 1258 sive
173 1191 267 1255 locus
292 1193 341 1256 vel
365 1213 417 1256 res
444 1193 662 1281 intelligatur,
685 1195 720 1258 in
768 1215 844 1262 uam
868 1196 951 1259 actio
974 1195 1035 1262 diri
1060 1207 1143 1274 atur,

83 1277 291 1358 sivclocus,
314 1277 350 1341 in
375 1297 442 1364 quo
467 1279 546 1366 quid
573 1291 698 1367 agatur.
745 1215 804 1343 bio
835 1279 992 1367 Virgilius
1029 1221 1089 1346 (ξε.
1113 1289 1143 1366 1,

27 1415 33 1424 ,
82 1365 160 1429 438.
194 1383 345 1450 quumse
368 1362 544 1428 condutio
568 1365 682 1429 undas
701 1364 779 1446 etl,
796 1367 870 1448 478.
893 1366 1005 1430 multo
1028 1364 1143 1456 ioso-

82 1446 278 1514 trinarium
299 1449 467 1530 semillia
492 1450 652 1514 condunt.
696 1450 765 1514 Nec
786 1451 921 1538 expedit
943 1451 1023 1517 baec¹
1046 1454 1144 1519 rerba

81 1534 139 1599 hic
167 1553 381 1603 enumeraret
406 1535 573 1622 permulta
598 1537 684 1599 enim
710 1547 804 1618 sunt,
827 1537 883 1600 sed
908 1539 994 1601 ratio
1019 1557 1143 1638 aequa·

80 1619 131 1685 lis.
161 1617 202 1682 ld
220 1639 298 1684 vero
316 1640 419 1707 quum
436 1622 645 1706 grammatici
663 1622 759 1686 etiam
779 1623 868 1686 iniis
886 1623 1004 1702 verbis,
1024 1621 1142 1710 quibus

80 1725 170 1770 unus
193 1715 321 1770 tantum
341 1703 463 1772 modus
488 1709 665 1772 convenire
690 1706 878 1785 videbatur,
903 1709 1142 1793 observassent,

80 1788 138 1855 'stit
154 1791 289 1858 lieentia
305 1791 425 1858 laesam
448 1791 601 1858 dicebant
617 1793 742 1880 legem,
770 1803 826 1856 aut
840 1792 926 1857 hanc
949 1789 1142 1875 α’ντίπτωσιν,

79 1899 187 1962 quam
215 1876 394 1960 vocabant,
424 1881 643 1944 vetustiorum
670 1879 870 1965 scriptorum
897 1881 968 1942 usui
989 1880 1144 1967 adsigna-

51 1963 187 2042 'bant,
215 1973 271 2026 aut
296 1985 369 2026 eam
388 1961 469 2028 adeo
494 1965 672 2052 elegantiae
690 1965 827 2028 nomine
850 1967 1142 2032 commendabant.

76 2048 272 2114 Priscianus
295 2049 468 2134 acquiescit
499 2039 909 2136 p.1'178..iu‘imitalione
933 2051 1142 2117 Graecorum

77 2130 326 2221 approbandas
349 2133 405 2197 sed
425 2133 548 2199 Gellius
565 2143 595 2214 1,
611 2141 642 2200 7.
663 2137 836 2224 utriusque
859 2135 1011 2202 dictionis
1034 2138 1143 2203 ratio-

75 2241 123 2284 ne
151 2225 187 2281 et
212 2219 404 2282 auctoritate
430 2221 580 2308 cognita,¹
602 2241 769 2301 caussam,
791 2232 997 2308 quapropter
1025 2223 1141 2288 Cicero

78 2301 310 2371 accusativum
335 2307 546 2391 praetulerit,
576 2305 633 2370 ubi
658 2303 815 2371 ablativus
843 2317 927 2370 esset
956 2308 1144 2394 ponendus,

77 2390 253 2457 invenisse
268 2387 331 2454 sibi
347 2393 433 2456 visus
453 2400 501 2454 est
517 2391 549 2456 iu
574 2390 657 2455 sono
679 2401 711 2454 et
733 2393 767 2456 in
792 2391 940 2479 positura
966 2391 1145 2457 vocabulo·

74 2493 169 2543 rum.
227 2477 323 2564 Casp.
346 2473 500 2542 Bartbius
527 2475 568 2540 ad
594 2477 751 2564 Calpurn.
768 2482 806 2558 2,
823 2477 877 2541 56.
903 2495 1003 2541 omno
1028 2477 1143 2550 discri-

71 2563 158 2627 'men
184 2583 325 2626 casuum
346 2563 446 2626 tollit.
497 2561 642 2627 Vossius.
660 2561 700 2626 de
722 2563 855 2626 Conslr.
879 2563 988 2650 65.'p.
1011 2565 1087 2628 252.
1111 2574 1145 2628 et

75 2647 218 2714 Curtius
238 2647 431 2734 elegantiam
443 2658 476 2713 et
490 2649 692 2734 antiquitatis
702 2670 833 2713 morem
842 2647 875 2711 in
893 2645 1143 2714 hacnotionum

74 2733 282 2799 confusione
302 2754 498 2820 expressum
521 2735 699 2822 putabant:
733 2753 832 2820 quam
852 2753 1041 2818 perversam
1066 2737 1144 2822 opi·
1239 2786 1244 2798 .

71 2823 218 2886 nionem
241 2821 423 2906 prudenter
440 2819 594 2886 refutavit
613 2820 761 2886 Krituius
780 2819 820 2884 ad
838 2819 970 2884 Sallust.
985 2815 1055 2906 lug.
1071 2825 1102 2896 5,
1112 2821 1143 2886 4.

71 2917 104 2972 et
131 2908 177 2971 ad
209 2911 288 2975 112.
305 2911 337 2970 2.
359 2913 391 2970 et
415 2905 455 2970 ad
475 2908 525 2986 17,
544 2911 576 2971 8.
620 2905 685 2970 Sed
708 2903 927 2985 Ruhnkenius
953 2926 1058 2992 quum
1082 2927 1143 2969 co-

69 2989 254 3080 gnovisset
271 2989 407 3055 Latinos
426 2989 536 3056 dicere
554 2991 592 3054 iit
616 2991 735 3076 aliquo
756 3009 855 3054 urere
871 3001 903 3052 et
919 2985 998 3069 aliu,
1021 2989 1057 3054 in
1078 2989 1158 3071 rio·¹
1216 3001 1219 3012 '

72 3081 114 3144 tis
131 3078 175 3144 ad
194 3075 339 3144 Terent.
355 3075 441 3140 Eun.
457 3082 488 3156 3,
506 3077 537 3153 5,
559 3080 610 3140 19.
633 3075 795 3138 concessit
813 3089 910 3138 usum
929 3073 1033 3161 poetis
1053 3095 1142 3223 pro·

66 3167 188 3255 prium
205 3160 454 3230 vocabulorum
473 3161 615 3237 amoris,
638 3179 737 3246 quem
753 3181 815 3224 nos
838 3178 873 3246 p.
890 3163 964 3224 268.
992 3157 1051 3224 dec
1067 3181 1143 3225 ara·

68 3254 204 3315 vimus:
251 3257 284 3314 at
304 3243 389 3312 falso
414 3245 566 3311 eamdem
590 3253 743 3310 naturam
768 3245 919 3310 Bromius
943 3241 985 3310 ad
1007 3246 1143 3312 Cornel.
1182 3281 1184 3286 v
1223 3319 1228 3327 ,

70 3337 181 3401 Phoe.
202 3337 238 3415 4,
257 3339 290 3399 8.
311 3335 409 3399 etiam
432 3331 540 3398 verbis
558 3329 775 3410 crudelitatis,
799 3332 968 3412 saevitiae,
995 3330 1063 3397 irae
1078 3333 1143 3398 tri·-

72 3421 166 3489 buits
192 3419 384 3504 Herzogius
408 3429 518 3483 autem
543 3417 584 3483 ad
611 3417 740 3480 Sallust..
765 3418 834 3482 Cat.
853 3419 906 3499 52,
928 3423 979 3482 11.
1004 3415 1039 3481 in
1064 3419 1142 3483 uni-

72 3527 218 3574 versum
246 3504 362 3587 docet,
390 3507 529 3571 nomina
555 3523 674 3590 eorum
699 3501 893 3584 affectuum,
918 3505 974 3590 qui
993 3500 1060 3568 vim
1080 3503 1143 3570 ali-

72 3615 183 3682 quam
201 3591 349 3660 activam
365 3589 400 3654 in
424 3613 459 3656 se
482 3583 644 3668 habeant,
666 3607 742 3652 eum
766 3591 947 3653 accusbtivo
971 3587 1143 3676 componi,

71 3703 132 3745 eos
159 3700 251 3746 vero
278 3677 432 3758 affectus,
453 3677 510 3762 qui
534 3671 656 3760 aliquid
682 3675 865 3761 patiuntur,
889 3674 1065 3740 ablativum
1088 3696 1144 3742 re-

70 3766 236 3854 quirere:
270 3783 338 3848 quo
365 3764 403 3826 iu
425 3780 544 3847 genere
565 3761 607 3824 sit
629 3758 864 3826 misericordia.
918 3761 1019 3840 Quod
1042 3781 1144 3848 quam

68 3873 198 3919 verum
224 3870 300 3914 esse
322 3847 488 3925 videatur,
522 3846 680 3912 dictiones
704 3843 790 3910 infra
822 3846 1035 3934 exponendae
1064 3847 1142 3910 satis
1177 3851 1179 3858 ’

28 3969 30 3972 ·
69 3921 337 4004 monstrabunt.
379 3930 536 4014 Rathius,
555 3931 677 4018 siquid
697 3951 856 4018 umquam
876 3931 956 3998 bene
980 3929 1144 4010 iudicavit,
1246 4015 1248 4020 ι

70 4024 141 4093 hoc
168 4028 271 4101 crat,
300 4016 391 4105 quod
414 4017 450 4082 in
471 4015 562 4097 libro
588 4017 630 4082 de
656 4017 974 4097 GrammatPraec.
1005 4040 1041 4104 p.
1069 4019 1143 4080 198.

71 4111 189 4190 dixit,
213 4108 244 4171 si
269 4113 393 4169 veteres
416 4101 559 4177 ¹Romani
583 4098 727 4183 rationes
744 4101 884 4168 diversas
906 4100 1144 4182 confodissent,
1232 4147 1235 4156 .

69 4195 107 4263 id
124 4193 224 4264 mole
243 4187 349 4258 fuisse
375 4187 514 4258 factum.
563 4185 607 4258 Et
630 4189 697 4256 iam
719 4187 902 4254 Priscianus
926 4195 976 4256 17.
997 4209 1032 4276 p.
1050 4187 1145 4251 1040.

772 4289 851 4354 19Ἰ
