2738 4730
189 316 254 384 neo
697 295 753 366 tn.

177 499 179 508 ι
215 513 217 520 ,
258 481 312 522 non
328 475 421 534 spera.
454 453 638 511 Doederlinns
654 453 763 510 reddite
783 455 862 506 anter
880 453 930 508 dero
944 453 1124 509 obwnltenden
1138 452 1261 508 Vnntin·
1353 459 1354 468 ¹

257 553 317 608 dea.
351 549 388 602 At
402 542 547 612 opponitur
562 542 591 595 in
606 539 833 604 antecedentibus
847 539 971 594 intrunrn
987 546 1104 605 tempos.

293 651 350 706 Cic.
366 649 401 702 de
418 648 479 700 lnv.
495 645 522 710 1,
538 645 582 711 33,
599 643 643 699 b'l.
669 661 701 697 ae
720 645 752 697 de
766 643 918 696 inductione
935 642 1040 710 quidem
1058 643 1126 695 satis
1140 643 1172 695 in
1185 661 1262 712 proe-
1354 611 1355 670 1

257 738 342 794 sentia
365 734 464 788 dictast
487 733 599 786 videtur.
633 729 709 784 Nono
733 727 856 798 deinceps
874 727 1083 782 ratiocinationis
1101 729 1153 782 nim
1169 737 1194 783 et
1209 748 1261 784 nn·
1355 787 1356 802 χ

261 831 352 880 taram
367 819 569 888 concideramus.

296 925 376 978 Caes.
392 923 427 976 B.
440 921 509 990 gall.
528 917 614 984 1‚15.
633 918 733 972 Gaeiar
753 934 811 970 eaor
825 933 843 968 o
858 915 956 985 proelio
979 916 1127 971 continebat
1145 936 1179 971 ac
1201 921 1261 972 sotis
1355 937 1356 942 ¹

262 1009 376 1064 babebat
391 1007 421 1058 in
436 1006 585 1076 praetentio
601 1005 699 1058 liostern
713 1003 816 1072 rapinis
835 1030 868 1040 -
893 1001 1040 1072 probibere.
1058 1001 1078 1054 i.
1094 1019 1119 1056 e.
1137 1021 1183 1055 eor
1199 1006 1261 1070 jezi.

265 1094 324 1148 cic.
340 1091 375 1143 de
392 1089 454 1143 Fin.
467 1087 494 1155 b,
513 1087 539 1156 8,
554 1089 598 1151 21.
617 1091 661 1142 red
675 1089 798 1156 qaenam
818 1105 870 1139 non
891 1095 1000 1156 possunt
1018 1089 1107 1140 omnia
1127 1089 1207 1140 simet
1222 1090 1263 1140 di-

263 1179 305 1243 oi,
329 1167 395 1229 ioci
410 1177 438 1228 in
457 1177 613 1245 maerentia
633 1182 696 1227 nota
715 1189 769 1226 esse
793 1173 932 1237 debebant,
947 1173 1112 1242 voluptatem
1133 1191 1264 1228 scmooen-

264 1265 329 1317 ton
346 1278 406 1315 erse.
440 1259 476 1312 ed
491 1261 546 1314 dcc.
561 1258 587 1326 1,
604 1257 648 1318 14.
668 1275 743 1327 spero
758 1257 786 1309 in
808 1257 962 1324 praecentio
983 1274 1076 1325 pnoern
1092 1275 1139 1310 nos
1161 1259 1264 1311 trabere.

264 1348 285 1402 i.
302 1331 326 1400 e'.
343 1347 386 1399 iot
405 1345 492 1414 troffo,
511 1347 561 1398 noir
580 1347 666 1400 baben
682 1359 729 1396 cor
753 1341 799 1394 der
814 1341 897 1392 Hand
913 1339 1033 1392 Frieden.
1067 1341 1185 1394 Codices
1206 1349 1264 1410 post

264 1450 340 1504 spero
353 1430 457 1484 addunt
470 1447 533 1494 esre,
550 1429 622 1499 qnod
637 1428 734 1482 Baden
747 1425 776 1478 in
792 1422 921 1478 Seelrodii
936 1424 1012 1478 Bibl.
1025 1425 1085 1480 orit.
1101 1444 1127 1480 a.
1143 1427 1224 1482 1821.
1239 1429 1264 1482 1.

264 1536 293 1588 p.
309 1514 352 1569 93.
373 1514 474 1568 collato
494 1515 703 1584 incontinua
719 1508 745 1576 b,
764 1508 808 1563 ll.
826 1509 966 1563 defendite
987 1529 1040 1582 quo
1064 1511 1177 1578 quidem
1193 1513 1264 1566 nihil

211 1583 213 1588 Ι
256 1604 478 1655 'demonstretur
515 1600 556 1652 Er
572 1597 710 1668 superiori
727 1612 808 1649 versu
826 1595 990 1647 translatum
1010 1597 1121 1650 vidntur
1140 1615 1159 1650 a
1179 1599 1266 1652 libra·

265 1685 326 1740 riis.
363 1682 480 1752 Quintil.
496 1683 523 1748 9,
536 1682 564 1750 4,
583 1683 644 1738 199.
661 1683 724 1752 qaid
736 1685 797 1748 sere
814 1681 963 1746 accideret,
982 1684 1052 1752 qaod
1072 1684 1101 1734 in
1114 1687 1265 1752 praecentio
1358 1683 1359 1742 l

264 1771 395 1824 oideretar
419 1768 562 1838 optimam,
595 1769 703 1822 ostendi.
727 1767 746 1820 i.
769 1782 794 1818 e.
823 1781 870 1816 eor
897 1765 945 1818 der
973 1767 1063 1818 Hand.
1099 1766 1150 1832 ll),
1168 1767 1201 1834 1,
1223 1768 1266 1820 22.
1357 1763 1359 1814 l

265 1854 375 1908 Cor-nel.
394 1853 482 1908 dicio.
497 1849 532 1918 4,
547 1852 573 1904 2.
594 1853 695 1906 inimici
716 1868 774 1912 aero
790 1849 845 1902 cias
871 1851 1050 1917 quiescendum
1072 1854 1101 1904 in
1122 1855 1263 1922 praeteriti,

265 1939 328 2008 qnia
343 1939 428 1991 noceri
444 1955 496 1989 non
514 1955 589 2006 posse
612 1937 794 2006 intelligebant
811 1936 1038 1990 -decrooeront
1072 1937 1151 1990 Nihil
1174 1937 1264 2006 magis

267 2023 357 2076 inesse
389 2037 472 2091 qnam
493 2037 540 2073 oor
568 2021 616 2074 der
645 2021 745 2088 Hand,
778 2019 921 2074 declarant
953 2019 1145 2090 explicationis
1177 2025 1272 2078 verba·
1359 2055 1360 2068 2

255 2108 384 2162 ,ndiecta

304 2210 361 2266 cio.
376 2210 410 2262 de
432 2209 492 2262 Inv.
518 2197 624 2276 1‚'3o,
646 2206 689 2261 49.
716 2208 744 2262 in
764 2209 918 2278 praesentia
940 2212 1124 2266 tantammodo
1146 2230 1265 2266 numeros
1360 2231 1361 2238 ¹

265 2303 290 2352 et
306 2299 395 2352 modos
409 2304 435 2350 et
449 2302 537 2376 partes
552 2295 760 2366 argumentandi
778 2301 883 2364 consere
898 2302 924 2348 et
938 2297 1066 2366 permiste
1087 2297 1266 2368 diipersinrne.

299 2400 362 2454 Isin.
379 2397 430 2464 24,
444 2397 497 2464 22,
512 2395 538 2450 4.
559 2401 588 2452 in
610 2399 757 2470 praesentia
776 2399 880 2467 legator
902 2400 938 2450 nd
953 2400 1177 2464 Andranodorasn
1197 2403 1265 2454 rnitti
1361 2457 1362 2460 ,

264 2487 380 2558 placere.
396 2483 415 2568 i,
431 2502 458 2539 e.
470 2482 589 2536 interim.
623 2482 667 2549 32,
681 2483 725 2550 23,
740 2483 766 2538 3.
786 2482 830 2549 33,
847 2482 890 2547 28,
909 2482 936 2537 6.
1361 2475 1362 2480 ’

301 2587 362 2641 niv.
377 2587 420 2652 24,
436 2585 479 2651 28,
494 2585 520 2637 i.
540 2604 593 2639 esse
609 2575 687 2642 etiarn
706 2588 827 2640 nwrnenti
845 2587 947 2656 aliquid
965 2587 1001 2638 ad
1025 2587 1176 2652 consilinm,
1195 2589 1264 2658 qnod

268 2673 528 2741 Carthaginiensibus
549 2667 588 2722 iia
600 2688 656 2740 pas
676 2673 771 2740 negari
791 2673 888 2739 possit,
907 2678 937 2724 nt
958 2689 1010 2722 non
1028 2673 1116 2740 atione
1136 2675 1165 2724 in
1183 2691 1265 2742 prac-

251 2743 349 2810 'emtis
366 2755 460 2808 bellans
475 2772 533 2806 canc
548 2756 580 2806 iis
595 2763 725 2823 geratori
741 2773 801 2808 cans
817 2755 948 2808 Romanis
965 2760 1090 2828 extemplo
1109 2765 1156 2811 nat
1172 2777 1265 2828 pacem

266 2847 315 2893 nat
331 2839 426 2892 bellam
443 2840 601 2892 habendam.
617 2838 636 2891 i.
656 2856 680 2894 e.
698 2840 770 2892 nieht
784 2841 910 2910 segleiclr.

302 2956 378 3012 Plin.
394 2957 446 3028 Ep.
460 2957 488 3024 2,
498 2957 525 3024 ⁵,
541 2959 585 3012 19.
602 2961 631 3014 in
644 2961 794 3030 praesentio
807 2969 894 3014 tamen
910 2961 1004 3037 etista
1016 2959 1067 3014 tibi
1075 2961 1264 3028 familiariora

260 3047 329 3113 fient
354 3050 407 3098 ete.
436 3044 456 3099 i.
479 3063 520 3099 ο..
537 3052 685 3116 antequam
709 3051 796 3125 totnnr
830 3045 968 3130 notionem
999 3043 1177 3114 cogneveris:
1207 3050 1265 3115 jort

267 3131 353 3185 seton.
387 3129 449 3184 inis.
466 3129 510 3196 31,
524 3130 567 3198 32,
583 3131 609 3184 8.

301 3247 363 3301 Ῑιίν.
376 3247 420 3312 21,
434 3243 479 3312 51,
495 3244 572 3302 4.ἰά
590 3249 659 3316 qaod
682 3267 762 3302 nnanr
785 3249 898 3302 manime
920 3248 1112 3317 inpraesentia
1129 3250 1265 3304 desidera-

269 3333 357 3386 batur.
374 3329 393 3383 i.
407 3349 432 3385 e.
451 3332 493 3384 bei
499 3333 624 3402 jeznigen
643 3333 809 3386 Vmstrinden.
844 3334 953 3386 (lornei.
969 3335 1024 3386 Att.
1041 3331 1084 3397 12,
1103 3331 1129 3386 5.
1150 3337 1221 3401 qaod
1235 3335 1264 3386 in

263 3414 395 3486 praesenti
419 3423 508 3470 atram
531 3418 556 3470 ei
579 3416 732 3473 laboriosius
752 3435 787 3471 an
807 3419 948 3489 gloriosius
959 3417 1062 3488 faerit,
1079 3419 1189 3486 difficile
1204 3421 1264 3486 soit

265 3500 394 3554 indicare·
844 3543 848 3546 .

300 3616 361 3682 Liv.
376 3615 419 3683 33,
435 3615 479 3683 21,
497 3617 540 3670 19.
561 3617 592 3671 ici
607 3632 689 3689 negre
708 3625 735 3674 et
750 3619 780 3673 in
798 3619 950 3690 praesentio
969 3620 1100 3690 bipenni,
1119 3627 1146 3674 ct
1170 3621 1201 3674 in
1212 3625 1264 3689 sa-

264 3706 353 3756 toron
378 3703 456 3758 etiam
475 3711 569 3757 metam
592 3709 724 3774 ceperant.
766 3703 860 3757 lustin.
884 3703 934 3770 14,
956 3706 989 3770 1,
1014 3704 1057 3756 13.
1078 3705 1126 3757 isoc
1135 3711 1216 3774 sacto
1238 3713 1264 3758 et

264 3786 295 3840 in
317 3789 451 3856 praesento·
474 3789 623 3841 labantium
647 3789 748 3842 animos
767 3790 878 3843 retinnit
900 3797 926 3842 et
948 3791 978 3842 in
992 3785 1119 3856 [ieiunam
1135 3792 1264 3860 providit.

147 3875 149 3879 ’
174 3916 178 3929 ,
265 3871 327 3926 [aiv.
342 3869 375 3934 8,
390 3869 424 3936 i,
442 3871 486 3924 22.
514 3873 652 3927 manliana
669 3874 781 3943 imperio
803 3893 856 3927 non
880 3874 1078 3943 inpraesentia
1096 3876 1173 3954 modo
1199 3877 1264 3927 door-

264 3947 366 4021 rinda,
384 3959 552 4028 sederempli
565 3959 646 4012 etinns
662 3959 745 4012 tristis
761 3959 935 4029 inposterum
948 3967 1040 4013 essent.
1077 3959 1134 4012 cic.
1152 3959 1186 4010 de
1198 3960 1263 4013 lnv.

264 4039 300 4106 2,
316 4037 368 4104 23,
384 4037 428 4093 69.
452 4044 528 4096 sindo
553 4043 581 4094 in
601 4044 747 4120 praesentia
771 4071 807 4086 -
829 4063 883 4098 non
904 4045 1111 4113 inperpetuum.
1145 4043 1210 4099 niv.
1233 4043 1262 4108 ’1,

263 4121 299 4200 31
305 4162 315 4190 ,
330 4123 357 4178 2.
380 4126 492 4190 milites,
515 4130 562 4197 qai
584 4128 615 4182 in
635 4128 767 4198 praesidio
781 4134 915 4198 sanant,
933 4130 1043 4200 .dnplici
1057 4134 1200 4198 framenta
1231 4131 1263 4182 ia
