2730 4720
206 303 270 364 ‘128
623 303 632 310 “
678 292 778 360 ΙΑΜ.

208 433 372 538 signandis
388 467 448 514 usu
491 456 571 514 atur.
613 450 719 534 Atque
734 447 855 536 triplex
872 456 919 513 cst
944 450 1092 514 maxime
1114 448 1248 515 modus.
1292 455 1294 462 ⁴

207 541 272 602 Aut
287 537 371 600 euim
391 557 450 622 per
487 557 545 597 anc
562 535 757 620 particulam
771 557 844 597 rem
864 534 981 598 arctius
997 533 1248 622 comprehendo

209 633 240 688 et
262 623 442 687 distinctius
467 625 649 700 constitua,
674 631 730 684 aut
753 619 883 683 affirmo
909 643 980 684 earn
993 665 1009 694 ,,
1027 632 1083 684 aut
1106 643 1248 708 progre-

208 709 281 771 dior
293 701 346 772 ‘vel
372 707 411 768 ad
435 717 560 768 certum
582 706 763 770 terminum
786 705 835 770 rel
859 705 899 768 ad
922 705 1073 769 altiorem
1098 709 1247 792 gradum.

113 809 132 822 '·
208 795 302 873 Quae
325 789 435 854 omnia
458 812 555 876 saepe
578 791 623 853 ita
647 801 784 870 coeunt,
810 801 846 852 ut
873 792 908 854 in
928 791 1061 877 singulis
1086 792 1247 877 exemplis

206 901 276 942 non
296 876 422 964 possint
439 875 594 938 discerni:
617 877 704 961 quod
723 896 866 955 moneo,
887 897 928 940 ne
946 883 1017 962 quis
1042 876 1076 940 in
1101 875 1163 939 hac
1190 875 1248 940 de-

206 964 385 1050 scriptione
400 963 521 1024 iustum
540 961 691 1046 ordinem
711 961 882 1025 desideret.

291 1087 319 1144 1.
343 1079 669 1165 Componiturigitur
685 1081 762 1143 iam·
774 1069 848 1142 cum
869 1077 1121 1165 pronominibus
1137 1080 1192 1158 ita,
1210 1091 1247 1143 ut

207 1163 276 1229 fere
295 1165 383 1232 idem
399 1167 441 1227 sit
457 1164 545 1250 quod
573 1165 677 1243 adea,
701 1165 741 1228 de
765 1185 830 1249 quo
858 1165 921 1228 vid.
948 1163 1045 1228 Tam.
1066 1171 1094 1227 1.
1119 1187 1150 1250 p.
1174 1171 1246 1228 143.

208 1249 495 1330 Quemadmodum
515 1249 586 1312 iam
609 1250 671 1312 boc
695 1260 743 1315 est
765 1247 829 1313 hoc
852 1253 978 1334 ipsum,
996 1250 1133 1334 gerarte
1158 1249 1245 1326 dies,

206 1335 286 1400 eben
304 1335 398 1398 dies:
420 1357 458 1398 eo
474 1334 547 1398 iam
570 1333 693 1416 darum
717 1333 808 1400 eben.
852 1335 906 1402 Sic
930 1335 1043 1398 Graeci
1065 1339 1154 1398 τοῦτο
1173 1333 1246 1434 iidp,

139 1471 143 1490 .
179 1416 182 1422 ’
206 1417 302 1497 οὕτως
317 1419 382 1500 ἤδη.

318 1539 374 1592 cic.
388 1556 415 1606 p.
432 1539 536 1592 cluent.
552 1537 596 1604 21,
612 1537 654 1590 57.
667 1539 721 1592 iam
736 1539 782 1592 boc
797 1555 892 1606 puopue
907 1554 989 1607 prope
1005 1537 1159 1606 iniquissime
1173 1544 1266 1592 com-¹

269 1630 393 1694 poectum
408 1631 454 1688 est,
475 1626 541 1692 puod
557 1625 585 1674 in
597 1625 693 1690 ,mutu
708 1623 831 1692 corporis,
845 1631 874 1674 ut
890 1625 992 1690 quisque
1010 1629 1048 1674 est
1061 1622 1258 1688 difficillimas,

265 1709 304 1760 ira
318 1708 430 1760 medicas
445 1709 614 1760 nobilissimus
628 1715 705 1776 atque
718 1709 828 1774 optimus
845 1709 994 1774 quaeritur,
1011 1709 1038 1758 in
1057 1707 1178 1774 periculis
1200 1725 1246 1758 oa-

270 1794 333 1862 pitis
340 1801 369 1844 ut
377 1809 487 1860 quaeque
497 1809 586 1843 caussa
594 1792 748 1860 difficillima
761 1797 806 1854 est,
827 1793 863 1842 ita
880 1793 1027 1844 deterrimus
1043 1791 1246 1842 obscurissimus-

273 1893 322 1946 que
327 1885 451 1944 patronus
459 1877 600 1928 adhibetur.
608 1875 627 1927 i.
637 1893 660 1928 e.
668 1877 766 1944 genade
774 1875 828 1926 dies
838 1875 869 1926 ist
882 1876 948 1927 auclr
961 1877 1008 1926 das
1015 1876 1244 1940 Allermij'slicbsfie

271 1962 345 2014 Care
360 1965 457 2024 tamen,
469 1977 503 2013 ue
517 1960 681 2012 reddendum
697 1975 822 2026 censeas:
841 1978 900 2028 nure
912 1961 947 2012 ist
965 1961 1018 2011 dies
1036 1961 1062 2012 d.
1078 1961 1111 2012 A.
1147 1959 1243 2011 Cicero

267 2045 449 2111 sicquidem
477 2043 505 2096 iu
531 2045 652 2097 oratione
674 2044 828 2111 scripsisset
849 2046 903 2096 iam
925 2061 994 2095 nero.
1029 2044 1139 2094 Classen
1161 2042 1243 2098 eiecit

270 2147 375 2196 qaoque,
393 2129 462 2196 quod
477 2131 572 2180 abesse
588 2136 683 2196 potest,
697 2130 743 2179 sed
759 2146 811 2180 non
825 2137 958 2197 repugnat
969 2128 1130 2195 septentiam
1158 2128 1240 2180 dead.

271 2215 298 2276 1,
315 2213 340 2278 li,
356 2211 398 2264 24.
418 2215 464 2265 sed
479 2215 545 2280 paud
564 2233 594 2266 en
608 2222 729 2282 utraque,
746 2215 774 2266 id
788 2215 842 2266 iam
858 2221 985 2282 carperet
1000 2214 1074 2280 perusi
1088 2213 1241 2280 qualitatem

269 2299 409 2366 qnamdam
431 2294 606 2351 nominabant.
632 2297 649 2349 i.
669 2316 690 2350 e.
710 2300 770 2356 „dies
785 2301 854 2350 eben,
889 2295 993 2372 deOff.
1014 2297 1039 2360 ⁶2,
1059 2297 1101 2361 19,
1121 2296 1163 2349 ts.
1185 2299 1240 2350 idm

268 2384 335 2435 illud
350 2400 401 2433 nan
420 2389 480 2434 sunt
500 2385 666 2447 admonendi,
683 2409 717 2420 —-
735 2391 761 2434 ut
775 2385 888 2434 oninium
903 2381 1048 2434 arivertant.
1082 2382 1110 2434 in
1126 2385 1203 2436 Verr.
1214 2383 1240 2447 5,

234 2492 239 2502 ·
267 2466 312 2532 19,
328 2466 369 2518 48.
391 2469 443 2518 iam
458 2468 522 2518 iliud
539 2469 743 2519 minimemirum
758 2475 803 2528 est,
825 2467 1001 2528 Mamertinos,
1017 2485 1035 2517 a
1050 2485 1097 2534 pua
1111 2485 1240 2520 sunrmum

269 2553 414 2616 beneficium
431 2560 596 2618 acceperunt,
614 2580 647 2588 -
665 2553 718 2603 eius
734 2553 812 2618 capiti
833 2551 923 2602 litteris
943 2552 996 2625 suis
1016 2552 1163 2618 pepercisse.
1197 2552 1240 2604 lm

266 2635 394 2686 meliores
411 2633 492 2696 libri,
515 2640 542 2685 et
564 2635 712 2700 probarunt
728 2635 876 2686 Lambinus
891 2641 918 2686 dt
932 2633 1082 2699 Graevius,
1101 2653 1154 2686 nou
1173 2635 1239 2688 item

261 2717 410 2785 ›Zumptius
424 2717 458 2766 ab
472 2719 585 2784 falsum,
612 2726 642 2770 ut
663 2719 731 2769 milri
747 2719 870 2782 videtur,
886 2717 1144 2786 interpretationem.
1179 2719 1237 2773 niv.

267 2801 310 2864 22,
325 2799 367 2864 34,
383 2799 408 2851 8.
426 2819 486 2852 nam
501 2803 611 2870 plebeios
627 2805 722 2856 nobiles
737 2805 789 2855 iam
805 2805 894 2854 iisdem
908 2805 1024 2855 initiatos
1038 2822 1091 2856 esse
1113 2808 1194 2860 sacris
1215 2815 1237 2859 et

266 2894 421 2938 contemnere
432 2888 539 2954 plebem,
557 2905 587 2940 ea
602 2907 650 2956 quo
670 2889 793 2940 contemni
807 2889 926 2940 desierint
943 2907 960 2938 a
975 2891 1098 2956 patribus,
1119 2892 1236 2962 caepisse.

264 2969 308 3035 40,
325 2969 368 3036 35,
387 2967 429 3020 14.
444 2989 509 3040 qaae
531 2990 609 3039 quum
629 2975 667 3025 ita
687 2975 753 3038 sint,
773 2991 822 3043 ego
844 2975 898 3026 iam
915 2971 975 3024 leina
995 2975 1136 3041 praedico,
1161 2975 1191 3025 Ρ.
1209 2977 1236 3028 C.

265 3075 306 3110 ms
320 3057 429 3108 exercitu
444 3073 480 3118 eo,
498 3057 542 3124 qui
555 3075 622 3110 nunc
637 3066 681 3122 est,
699 3061 882 3127 rempublicam
896 3059 1148 3112 administraturum.
1167 3076 1235 3128 quae

262 3143 389 3208 quoniam
403 3139 511 3192 librarii
531 3158 584 3192 nou
606 3149 799 3210 perceperaat',
822 3143 988 3208 scripserunt
1000 3161 1049 3212 ego
1070 3151 1158 3196 tamen
1173 3145 1234 3198 tacu

261 3229 391 3294 praedico.
424 3226 496 3276 Illud
510 3242 577 3288 ‚uero
593 3233 634 3277 est
648 3229 706 3278 eben
720 3229 809 3279 daber.
1117 3231 1118 3234 ’
1177 3251 1191 3283 κ

308 3326 334 3377 Τ
337 3327 397 3378 ucit.
412 3327 483 3378 llist.
506 3322 588 3388 1,13.
615 3345 692 3394 eoque
705 3328 758 3378 iam
780 3330 928 3397 Poppaeam
951 3330 1072 3382 Sabinam
1091 3309 1235 3398 principale
1296 3371 1302 3375 .

261 3418 371 3462 scortum
387 3417 417 3461 at
432 3411 503 3478 apud
521 3411 646 3462 conscium
665 3410 800 3462 libidinum
818 3413 986 3480 deposuerat,
1005 3413 1084 3465 donee
1100 3413 1234 3468 Octaviam
1253 3445 1257 3456 ι

193 3544 194 3552 ,
262 3511 368 3547 uxorem
380 3495 533 3546 amoliretur.

132 3589 135 3606 '
207 3651 211 3656 ff
298 3593 836 3665 eet-ussa.p.5tta‚13.quuduutem
858 3617 888 3650 ac
912 3599 1006 3666 durum
1021 3600 1171 3664 usuaribus
1190 3601 1233 3652 in·

262 3679 342 3746 cipit,
358 3681 390 3730 ab
406 3689 510 3746 utroque
525 3681 605 3734 latere
620 3683 737 3734 tanatum
748 3691 774 3735 et
790 3701 807 3735 a
819 3685 983 3752 praecordiis,
1000 3684 1053 3734 ium
1070 3685 1155 3752 ipsum
1170 3702 1231 3752 puo-

259 3779 307 3830 que
322 3764 476 3832 cartilagine
491 3765 635 3832 mollitum,
653 3767 814 3822 terminatur.
833 3769 850 3822 i.
865 3784 889 3820 e.
904 3769 979 3822 'selbst
991 3767 1053 3821 eben
1071 3769 1149 3820 auctr.

275 3919 308 3978 2.
330 3915 414 3979 Cum
429 3915 591 3981 adiectivis
616 3928 649 3980 et
672 3917 829 3984 adverbiis
845 3887 917 3982 iam
942 3920 1170 4008 coniungitur,
1192 3933 1232 3986 ut

125 4051 128 4058 .
161 4014 164 4019 ·
192 3997 244 4078 id,
272 4002 358 4084 quod
373 4001 423 4068 his
440 4003 545 4066 verbis
566 4003 701 4084 dicitur,
726 4005 931 4068 distinctione
953 4005 1064 4068 lumen
1080 4007 1230 4092 accipiat.

117 4133 119 4140 s
194 4084 296 4172 Saepe
327 4085 362 4150 id
393 4087 499 4153 reddi
518 4099 627 4175 potest
656 4089 761 4156 verbis
787 4088 889 4171 eben,
916 4089 1058 4176 germis.
1111 4093 1231 4158 Graeci
