2592 4720
394 245 396 252 ‘
473 273 658 344 urxms.
984 361 986 366 ,
1021 277 1081 344 eor

117 429 211 486 tacut.
244 427 379 498 Equidem
398 421 459 482 reci
480 430 623 488 maximoe
644 441 725 480 veron
743 428 870 495 sequente
891 429 1083 501 trenrpositnm

116 531 175 568 erse
192 511 329 566 existimor
347 528 411 566 nem
426 510 522 564 cicero
542 511 682 582 scripsisse
700 511 809 563 ridetur
823 511 930 567 laudari
944 532 983 568 me
1003 517 1083 570 etiam

115 604 229 668 oportere
244 597 361 650 marime-
396 594 503 651 Gellius
517 593 560 686 19,
574 593 617 647 16.
634 613 697 664 quae
719 597 818 662 (boum
830 596 915 664 artes)
938 601 983 666 qui
1001 601 1083 653 siuce-

112 683 178 736 riter
203 681 309 748 eupiunt
340 685 528 750 appetantque,
555 678 584 732 ti
604 687 664 731 aaut
692 681 731 732 oei
763 680 873 732 mamare
899 681 1082 736 humanissimi.

115 763 291 818 Menckenins
304 762 332 816 in
350 763 492 818 Obruerat.
511 780 536 830 p.
551 759 611 814 999.
638 761 708 828 „hie
729 761 796 814 illud
818 763 857 814 uel
879 766 989 818 maxime
1011 765 1082 818 idem

115 848 246 918 estquod
269 847 408 916 imprimis,
432 863 482 898 nee
507 853 563 926 tum
586 847 757 898 coniunctum
789 846 869 898 elteri
899 849 1081 926 humanissimi,

116 949 198 1004 quam
211 932 246 986 ad
260 931 289 983 id
303 929 424 982 additum
438 931 559 994 videtur,
575 936 605 984 ut
619 930 749 984 maiorem
766 928 858 982 verbis
874 929 929 980 rim
951 929 1082 983 eoncilia-

85 1065 87 1069 .
116 1019 195 1069 ret.“
229 1013 437 1068 comitiorum.
462 1015 491 1068 tt
510 1022 585 1080 suat,
603 1022 628 1069 et
646 1015 768 1078 maxime,
785 1013 970 1068 humanissimi.
1005 1016 1083 1084 Quod

116 1099 169 1154 erit
181 1099 410 1153 considerandum.
538 1096 542 1100 ’

132 1247 163 1332 4.
191 1251 322 1333 Novum
345 1259 555 1338 praeceptum
577 1249 703 1315 videtur
726 1247 892 1337 tradidisse
917 1251 1082 1338 Reisigius,

47 1332 108 1418 qui
124 1335 157 1398 in
175 1336 296 1401 scholis
312 1339 395 1417 suis,
419 1347 456 1400 ut
472 1335 635 1400 Kahniius
649 1336 682 1398 in
701 1333 910 1420 Ephemerid.
929 1337 1081 1402 scholast.

47 1441 80 1480 a.
101 1421 191 1484 1831.
207 1442 241 1484 n.
259 1427 311 1484 61.
334 1421 452 1499 refert,
474 1422 601 1494 docuit,
627 1425 847 1506 praeteream
870 1421 1083 1507 significatio-

46 1525 147 1582 nem,
169 1527 231 1590 qua
246 1506 339 1570 alicui
358 1507 407 1570 rei
430 1505 473 1569 ali
498 1507 551 1569 uid
577 1505 714 1568 maximi
735 1505 865 1569 numeri
886 1508 1082 1586 attribuitur,

47 1587 192 1652 adverbii
207 1591 354 1654 maxime
371 1529 576 1654 aliomiuisse
592 1613 680 1664 eam,
703 1610 765 1674 qua
782 1589 821 1652 ad
842 1601 947 1675 partes
963 1593 1010 1656 rei
1029 1615 1096 1670 rc·„
1154 1591 1173 1600 “’

47 1671 195 1738 ferretur
212 1686 306 1760 atque
321 1675 355 1740 id
370 1675 544 1753 indicaret,
567 1675 655 1760 quod
674 1671 822 1760 plurimis
840 1677 983 1760 partibus
1000 1699 1083 1764 pro-

46 1759 160 1844 prium
195 1771 294 1824 essetz
334 1761 432 1824 veluti
456 1759 540 1824 liber
570 1758 716 1822 maxime
737 1759 987 1846 philosophicus
1016 1785 1084 1826 non

46 1843 244 1907 modoliber
255 1853 336 1907 esset
350 1843 588 1930 philosophicis
605 1844 697 1908 dictis
708 1845 1011 1930 praestantissimus,
1027 1848 1082 1911 sed

48 1927 149 1992 etiam
173 1929 406 2014 qui'plurimis
433 1931 465 1992 in
491 1929 635 2013 partibus
659 1929 924 2014 philosophicum
953 1931 1084 1996 haberet

48 2023 298 2096 argumentum:
328 2009 580 2098 groseteatloeils
607 2013 866 2100 philosopham.
923 2015 1085 2101 Equidem

50 2119 131 2161 vero
148 2095 282 2181 haec'ab
300 2092 360 2160 risu
383 2099 574 2161 Latinorum
596 2119 730 2182 prorsus
753 2099 854 2163 aliena
875 2113 974 2185 puto:
998 2113 1084 2166 certe

49 2183 88 2246 in
118 2181 325 2266 adiungendis
350 2179 523 2244 adiectivis.
566 2183 673 2244 Vnum
698 2194 806 2246 tamen
830 2185 1012 2250 invenimus
1035 2187 1086 2250 lo·

51 2287 147 2345 cum,
169 2270 203 2329 in
221 2287 317 2352 quem
333 2265 413 2329 illud
429 2288 544 2352 praece
568 2277 638 2328 tum
659 2267 816 2350 quadrare
838 2265 980 2332 videtum
1016 2271 1085 2336 Lir.

51 2353 87 2429 5,
104 2354 156 2426 40,
174 2355 204 2416 5.
227 2351 300 2414 ulia
320 2351 467 2414 maxime
488 2288 594 2436 pleiiio
619 2347 745 2427 turba„
760 2373 861 2436 quiam
886 2375 945 2416 uec
964 2375 1099 2438 caperes

52 2447 128 2502 tam
145 2437 284 2522 exiguus
302 2435 413 2515 collis,
436 2459 496 2512 aee
513 2435 604 2499 aiere
618 2436 655 2498 iro
670 2445 769 2519 tanta
787 2436 907 2521 inopia
915 2433 1087 2522 frameati

46 2532 207 2608 poterat,
231 2517 370 2585 exorte
396 2517 505 2608 effusa
528 2519 613 2584 uelint
640 2519 778 2606 agmine
799 2521 883 2583 iam·
897 2543 962 2586 aaa
980 2525 1086 2609 petiit

53 2605 257 2672 Ianiculum.
308 2605 370 2674 Sed
397 2605 507 2691 paullo
532 2615 608 2690 post
631 2605 854 2690 exponemus,
887 2629 952 2693 quo
984 2609 1084 2674 modo

53 2691 203 2755 maxime
227 2691 347 2754 indicet
370 2691 569 2776 singularem
598 2692 743 2776 speeiem
770 2711 880 2754 rerum
912 2703 984 2756 ante
1004 2695 1113 2768 alias.

55 2775 341 2854 considerandam,
366 2786 461 2861 atque
481 2776 565 2839 idem
585 2773 742 2860 significet
766 2775 854 2858 quod
871 2779 1086 2860 praesertim,

54 2860 235 2945 imprimis.
278 2859 325 2922 lta
346 2861 415 2922 Liv.
432 2865 483 2939 21,
500 2861 552 2937 46,
568 2863 599 2922 9.
613 2861 707 2946 suga
722 2870 837 2924 tamea
852 2859 964 2946 elsam
989 2864 1087 2928 iacu-

55 2945 207 3010 latorum
229 2941 469 3032 maxime'suit.
491 2945 511 3006 i.
530 2965 557 3006 e.
581 2943 754 3028 praecipue
775 2943 837 3008 fuit
862 2946 1087 3028 iaculatorum.

58 3029 154 3094 Curi.
177 3031 208 3107 8,
225 3031 255 3106 4,
269 3029 322 3090 24.
338 3026 500 3090 omnium
521 3035 637 3090 tamea
659 3025 769 3090 oculos
799 3029 1019 3096 corruertitcia
1041 3055 1088 3115 ae,

55 3112 205 3180 maxime
220 3112 323 3199 regio.
1087 3147 1089 3154 ·

124 3321 125 3324 ,
142 3267 174 3331 5.
204 3265 337 3352 Saepius
352 3255 417 3330 hoc
437 3263 587 3329 adverbio
611 3263 824 3352 significatur,
845 3289 915 3332 rem
943 3264 1016 3334 fieri
1035 3279 1090 3336 sut

60 3373 130 3416 esse
146 3363 276 3438 praeter
291 3351 350 3415 alia
367 3351 433 3428 sive
448 3359 577 3437 praeter
593 3352 704 3414 omnia
728 3351 806 3429 alia,
832 3365 889 3416 aar
911 3353 1001 3418 aliea
1022 3380 1090 3420 aa·

60 3435 165 3502 dero.-
194 3457 288 3522 saepe
310 3437 424 3514 etiam,
454 3457 554 3521 quum
573 3435 612 3498 ad
636 3437 770 3500 modum
795 3439 842 3502 rei
871 3438 1011 3524 agendae
1034 3464 1089 3506 re·

59 3523 234 3608 spicimus,
256 3521 312 3606 'agi
336 3521 472 3584 summis
504 3520 555 3584 vel
577 3521 729 3584 maximis
760 3523 794 3586 in
816 3521 925 3602 rebus,
969 3523 1006 3588 ln
1032 3527 1088 3590 illo

60 3627 139 3670 vero
165 3626 224 3668 usn
248 3605 430 3686 observari,
452 3604 640 3670 adverbium
663 3605 699 3669 in
721 3603 787 3672 fine
810 3607 985 3674 sententiae
1008 3615 1090 3698 poni
1193 3593 1219 3686 l.

61 3690 190 3756 debere.
333 3753 335 3766 ί
983 3717 989 3729 ’

162 3809 252 3862 Proui.
267 3807 364 3875 Amph.
377 3807 404 3872 2,
418 3807 444 3874 2,
458 3805 517 3861 14⁰.
534 3809 659 3861 enimuero
683 3809 748 3862 iliud
762 3816 868 3878 praeter
885 3811 939 3864 alia
956 3814 1024 3866 mira
1040 3815 1090 3868 mi-

128 3909 173 3946 ror
192 3909 316 3944 mammo.
355 3889 466 3967 Terent.
485 3893 552 3946 Eun.
567 3893 592 3956 1,
605 3891 632 3957 2,
646 3890 689 3944 92.
715 3894 765 3947 irae
787 3911 815 3946 re
836 3895 946 3948 arbitror
968 3899 996 3951 id
1017 3914 1092 3966 poree

120 3977 186 4044 fieri
202 3993 333 4028 mamare.¹
345 3973 365 4028 i.
381 3979 408 4030 οξ
425 3959 487 4030 solu'
497 3979 549 4031 huo
563 3995 609 4042 ro,
626 3993 679 4029 nou
700 3975 755 4030 ulio
768 3975 864 4046 magis.
897 3979 960 4032 cto:
974 3979 1001 4030 in
1016 3981 1092 4032 Vere.

129 4059 196 4138 M,
209 4059 257 4128 ‚11.
277 4061 397 4116 creatam
417 4069 527 4120 reuma
547 4063 687 4134 praeterit,
705 4063 814 4128 indices,
832 4077 932 4118 omaem
953 4057 1092 4118 utilitatem
