2730 4720
417 212 420 244 ³
508 261 581 330 nv.
621 257 754 374 nvn
795 245 817 278 ¹¹
1044 249 1141 336 “ros

555 447 669 538 HV.

174 599 372 670 Forceilinns
387 599 429 666 lin
461 593 582 662 Lexico
600 593 699 664 haece
717 615 785 675 nv,
806 587 1050 676 d„interiectio
1073 623 1136 668 ex.

66 723 70 728 ·
94 687 240 776 primcns
262 707 402 759 sonum,
435 702 535 766 quem
565 682 637 770 quis
658 681 839 750 olfaciendo
870 687 958 766 edit,
982 687 1135 774 spiritum

93 772 226 838 naribus
251 765 466 846 attrahendo,
493 764 545 832 vel
568 787 635 854 quo
657 769 729 854 quis
753 768 913 856 significat
934 793 970 842 se
998 773 1134 840 odorem

94 856 336 945 deprehendere
358 874 394 918 ac
418 851 548 916 sentire.
591 852 695 916 Plaut.
719 853 788 920 Mil.
816 855 848 936 4,
873 860 903 931 6,
928 858 981 930 ts.
1011 859 1132 940 nescio,

92 941 146 1007 ubi
161 943 216 1006 laic
227 963 340 1030 prope
355 935 469 1020 adest,
489 957 585 1024 quem
606 948 726 1027 expeto
750 937 872 1006 videre.
895 941 962 1012 aa:
980 941 1046 1012 bu!
1067 943 1133 1008 olet

86 1028 254 1117 profecto.
297 1041 378 1090 Puta.
406 1019 501 1086 Naso
514 1019 577 1108 pol
596 1021 669 1086 inm
690 1025 775 1088 boec
818 1023 1037 1098 raidemvidet
1052 1027 1133 1114 plus
1171 1045 1179 1058 ¹

110 1135 193 1178 num
216 1107 332 1174 oculis.
374 1107 461 1172 Haec
485 1107 525 1172 dc
552 1107 738 1176 coniectura
760 1047 910 1182 Pnimerii
935 1107 1022 1177 dicta
1043 1121 1131 1178 sunt.

23 1233 24 1246 κ
87 1135 147 1262 itte
172 1195 310 1262 enimin
328 1193 349 1258 S
377 1192 478 1278 iciteg.
497 1215 531 1282 p.
550 1196 624 1260 768.
645 1195 741 1267 Grut,
762 1217 824 1284 pro
838 1195 916 1272 (anic
935 1195 1023 1277 olet,
1041 1197 1132 1292 qnod

86 1281 123 1346 in
142 1281 283 1368 quodam
302 1214 416 1344 codice
432 1277 619 1360 invenerat,
640 1279 850 1354 scribendum
868 1282 994 1346 censuit
1007 1283 1053 1352 bu
1071 1283 1131 1348 lun.

85 1367 172 1432 Hinc
197 1363 441 1429 Lindemannus
462 1363 542 1442 lari,
564 1363 632 1429 olet
656 1361 824 1454 prosecta.
867 1370 910 1430 nt
937 1387 1041 1453 quum
1066 1388 1130 1432 ne-

88 1452 219 1516 cessitas
237 1448 423 1538 corrigcndi
446 1447 536 1516 nulla
556 1448 751 1526 intercedat,
773 1471 833 1520 nec
852 1451 1019 1540 Hedorpii
1032 1453 1129 1520 codi-

89 1537 132 1599 cis
164 1536 411 1624 auctoritatem*
425 1534 503 1597 satis
525 1536 693 1620 cognitam
714 1533 914 1620 habeamus,
940 1537 977 1614 in
999 1539 1128 1636 vulgatu

87 1621 248 1709 scriptura
263 1619 467 1709 acquiescere
481 1616 619 1698 decebit,

415 1808 445 1902 f
513 1804 679 1898 ch.

166 1955 243 2023 ch
256 1949 487 2028 Lindemann«)
501 1953 718 2042 deAdverbio
737 1959 767 2022 ἲ.
789 1975 826 2054 p.
841 1957 873 2020 7.
895 1954 982 2028 visus
1002 1961 1051 2030 est
1073 1976 1128 2021 ac-

85 2041 249 2104 cusativus
265 2037 391 2126 generis
408 2039 554 2102 neutrius
570 2062 657 2120 esse,
679 2042 768 2108 cuius
787 2041 919 2129 vestigia
942 2037 1048 2103 adhue
1070 2061 1129 2103 su-

82 2125 215 2212 persint
242 2123 277 2187 in
309 2122 562 2216 pronominibus
594 2125 706 2207 istud,
735 2126 838 2205 illud,
881 2124 998 2205 abad,
1036 2124 1130 2210 eique

85 2207 184 2274 adiici
206 2231 243 2273 ce
267 2206 576 2274 demonstrativum:
596 2211 724 2276 Ian-cc.
765 2213 893 2292 Quibus
910 2210 986 2276 addi
1005 2215 1129 2296 posset,

85 2293 213 2380 vulgari
227 2314 379 2362 sermone
392 2293 456 2360 tuac
475 2315 537 2380 pro
554 2295 616 2364 boc
633 2298 813 2375 accusativo
829 2298 975 2373 neutrius
999 2295 1128 2380 generis
1162 2353 1168 2358 .

88 2379 211 2444 dictum
227 2401 308 2444 esse.
351 2377 418 2442 vid.
435 2377 718 2465 Orelliiluscript.
738 2385 832 2452 2488.
873 2382 917 2446 Et
943 2381 1009 2442 iam
1032 2378 1128 2442 [tud-

88 2465 281 2544 dimannus,
314 2461 422 2528 Tem.-
436 2469 467 2532 2.
493 2486 525 2550 p.
542 2468 617 2534 319.
642 2463 802 2542 docuerat
826 2467 891 2540 {racc
911 2464 1130 2530 accusativum

88 2549 199 2614 videri.
242 2553 282 2615 At
308 2548 441 2633 vestigia
463 2548 518 2620 ilia
544 2547 680 2615 fallunt:
702 2573 787 2628 ,nam
813 2549 907 2624 istud
937 2549 1004 2617 sive
1035 2548 1129 2628 istut,

89 2633 229 2722 aequalis
247 2633 440 2700 nominativi
459 2644 490 2698 et
505 2635 678 2701 accusativi
702 2633 831 2720 forma,
854 2658 897 2700 cx
919 2634 981 2698 hac
1005 2632 1127 2697 Linde-

90 2719 242 2800 demanni
268 2719 547 2790 demonstratione
576 2719 662 2786 nihil
691 2719 807 2800 habeb
840 2743 910 2808 qua
932 2717 1062 2790 differet
1085 2718 1125 2784 ab

89 2805 251 2885 ablativo,
279 2805 343 2870 nisi
367 2804 520 2870 vocalem
539 2806 744 2875 mutabilem.
794 2808 859 2872 Sed
883 2806 969 2872 haud
992 2803 1125 2872 infirmo

89 2895 218 2956 utemur
240 2887 476 2974 fundamento,
499 2892 527 2954 si
549 2913 625 2958 cum
648 2893 718 2960 aliis
733 2894 942 2958 statuerimus
965 2893 1030 2962 lanc
1055 2911 1125 2958 csse

91 2975 277 3041 adverbium
310 2997 328 3038 e
355 2972 452 3040 dativi
486 2974 594 3042 forma
625 2975 847 3064 desumptum.
891 2977 1004 3048 ,Dativi
1037 2976 1127 3040 enim

89 3060 196 3126 forma
219 3057 297 3122 doio
322 3061 449 3122 transiit
476 3071 509 3124 et
527 3060 563 3124 in
583 3061 673 3139 Ima,
695 3072 733 3126 ut
758 3062 932 3124 dicebatur
949 3060 1040 3127 eisne
1062 3079 1126 3144 pro

88 3167 186 3226 usne,
205 3141 317 3208 leidae
332 3164 396 3229 pro
412 3141 510 3211 udos
524 3143 602 3229 (vid.
617 3143 809 3220 Schneideri
823 3145 937 3214 Grnmq
957 3150 986 3208 1.
1009 3165 1044 3228 p.
1061 3143 1127 3228 88.)

91 3234 167 3296 etin
183 3231 281 3312 taric,
301 3228 385 3310 sient
399 3229 479 3316 quoi
492 3227 616 3294 factum
633 3239 682 3294 est
707 3230 773 3294 cui.
816 3229 949 3299 Dativus
972 3250 1049 3292 vero.
1074 3227 1128 3295 ‹li-

38 3387 42 3394 ,
89 3320 268 3388 rectionem
294 3317 342 3393 rei
368 3315 510 3406 agendae
542 3325 574 3378 ct
599 3315 729 3402 locum,
760 3334 826 3407 quo
858 3315 935 3414 quid
966 3313 1127 3400 dirigitur,
1229 3309 1234 3322 ‘

90 3399 563 3492 significat2quemadmodum
587 3395 730 3466 dicimus
749 3402 841 3470 coelo
863 3423 924 3466 are.
963 3399 1038 3464 ates
1062 3401 1127 3464 mi·
1201 3455 1206 3460 .

89 3511 160 3554 rum
176 3485 283 3555 videri
300 3497 426 3573 potest,
448 3498 570 3551 veteres
586 3487 716 3555 Latinos
737 3487 798 3560 boc
814 3478 883 3637 tgro
909 3486 973 3548 buc
998 3483 1142 3564 dixisse„

91 3596 190 3660 quum
217 3571 398 3658 ablativiet
421 3569 517 3636 dativi
536 3571 664 3638 formae
688 3593 810 3658 quomo
836 3594 856 3636 o
877 3569 917 3634 ad
944 3583 1044 3640 unam
1068 3594 1126 3636 ra-

91 3661 217 3724 tionem
233 3667 265 3721 et
282 3658 442 3744 originem
456 3669 660 3741 revocentur,
675 3678 774 3722 nemo
791 3679 860 3723 nou
876 3657 1014 3742 ignoret.
1049 3655 1126 3722 Huc
1195 3659 1199 3671 '

19 3761 20 3768 ’
93 3745 191 3832 igitur
208 3754 240 3808 et
255 3743 316 3815 laec
333 3741 484 3816 adverbia
498 3741 580 3806 facta
594 3753 674 3810 suut
685 3763 727 3808 ex
748 3745 840 3822 boin,
862 3763 923 3814 nce
947 3741 1126 3828 quidquam

96 3833 223 3911 obstat,
246 3827 325 3914 quin
341 3830 438 3895 etiam
453 3827 631 3894 secundum
648 3829 799 3915 antiquus
812 3829 941 3915 linguae
963 3831 1126 3892 rationem

94 3927 271 4001 utrumque
287 3912 327 3976 ad
344 3914 518 3980 ablativum
535 3912 726 3980 referamus.
768 3914 816 3977 ltu
831 3935 899 3976 non
918 3914 1018 3989 modo
1035 3912 1125 3984 illue,
1216 3983 1217 3987 Ἰ

97 4002 150 4066 sed
165 4004 262 4066 etiam
283 3996 343 4065 itte
367 3999 559 4086 opponitur.
598 4001 685 4072 Haec
701 4001 772 4068 dem
790 4000 978 4072 'Perizonius
1002 4017 1127 4082 cognos-

97 4086 143 4152 vit
157 4085 198 4153 ad
216 4086 336 4154 Sauctii
353 4087 435 4164 Min.
454 4085 497 4152 Τ.
515 4093 545 4152 1.
562 4090 679 4164 n·⁷⁰.0·
708 4081 919 4166 'Gonianvo-
945 4115 960 4144 =.
985 4132 989 4143 .
1007 4105 1047 4138 τ·-
1084 4123 1088 4136 ·
