2738 4730
222 283 286 346 eon
340 243 343 251 '
569 263 571 271 ’
610 277 707 346 nur.
752 275 877 362 nuc.

221 433 278 498 sed
294 431 406 520 ipsum
423 429 615 498 adverbium
630 451 749 502 sonere
768 427 853 494 illic.
896 429 1010 510 Qunre
1032 451 1075 496 ne
1098 437 1121 496 e‘
1139 436 1280 502 comicie

245 517 356 583 uidem
382 518 439 582 itti
460 517 628 582 dicebatur
652 517 686 581 in
712 513 921 610 opponendis
949 515 1051 592 locis,
1072 527 1109 580 ut
1133 541 1281 605 respon-

220 543 313 670 deret
335 604 429 671 elteri
453 604 528 682 tic,
558 603 615 668 sed
638 603 723 667 illic.
775 601 877 666 Erant
904 602 960 687 qui
989 603 1181 668 breviorem·
1201 603 1279 669 for·

216 713 310 756 mum
328 691 426 757 etiem
444 691 596 754 Ciceroni
614 689 779 754 vindicare
802 687 940 754 vellent:
962 692 1140 754 auctoritas
1165 703 1280 756 tomen

142 815 144 820 ·
220 777 372 842 codicum
399 798 469 840 non
495 773 629 840 suflicit.
681 773 745 838 Sed
769 772 895 838 librarii
918 795 1015 860 suepe
1042 775 1216 855 videntur,
1241 789 1281 842 ut

219 863 467 948 exquisitiorem
483 861 660 926 redderent
683 858 886 938 cretionem,
908 857 994 923 hunc
1012 857 1159 926 formem
1189 864 1280 928 nnti-

221 959 356 1034 qnutnm
383 969 568 1024 revocasse,
600 946 882 1032 quemadmodum
906 944 1031 1009 fuctum
1053 948 1154 1011 estin
1179 949 1279 1013 codi-
1340 953 1343 958 '

219 1035 312 1099 cibus
330 1033 537 1116 Quintiliani.
581 1032 629 1096 An
652 1034 740 1119 ipsos
757 1053 835 1096 vero
851 1030 1031 1117 scriptores
1047 1033 1080 1120 id
1100 1055 1168 1098 non
1194 1057 1278 1123 per·

216 1121 324 1270 ἷίιέεις
340 1119 466 1185 etiamsi
479 1119 679 1186 recentiores
695 1117 736 1182 nd
753 1118 903 1204 antiques
918 1115 1045 1183 formos
1069 1121 1191 1185 reverti
1216 1144 1278 1186 so-

233 1229 248 1270 e
275 1215 341 1274 ante

318 1324 461 1380 Bentleine
473 1321 583 1380 restitui
596 1321 676 1376 iussit
690 1321 720 1378 in
736 1321 851 1376 Terent.
864 1323 935 1376 Heo.
950 1321 977 1389 Ζ,
992 1321 1018 1387 1,
1036 1323 1082 1377 lt).
1108 1327 1191 1379 mutto
1215 1345 1273 1380 me-

285 1410 353 1475 lius,
376 1410 419 1465 ltie
440 1428 506 1480 quoe
521 1411 612 1480 fiunt,
630 1426 710 1478 quom
723 1409 781 1472 illl,
802 1409 846 1460 nli
860 1425 918 1460 sum
940 1390 1057 1474 netues}
1082 1411 1143 1462 scio.
1179 1411 1277 1479 Repu-

284 1501 370 1565 gnere
394 1493 517 1552 codices.
535 1508 623 1559 neque
647 1497 729 1562 urget
754 1491 839 1548 metri
857 1492 1016 1546 necessitas.
1049 1491 1119 1546 Sunt
1143 1493 1217 1548 enim
1242 1497 1275 1551 iu

283 1581 338 1632 illle
352 1580 478 1652 eyltebne
497 1577 605 1632 breves.
640 1578 753 1635 Phorm.
775 1579 808 1642 1,
830 1578 865 1642 2,
889 1575 932 1630 41.
956 1579 1055 1632 intereo
1076 1581 1137 1631 dum
1151 1583 1275 1642 eodemne

283 1665 354 1730 illio,
381 1666 518 1719 interuenit
541 1664 687 1716 adolescens
708 1665 813 1732 quidone
834 1664 1004 1724 monnone..
1016 1662 1066 1715 nbi
1090 1665 1214 1718 Bonetns
1231 1669 1275 1720 teu

282 1748 390 1804 iterum·
401 1756 478 1804 notet
500 1766 550 1818 pro
571 1750 641 1813 illic,
658 1749 833 1816 restituitque
854 1747 1005 1802 Bentleim.
1039 1746 1110 1802 fleo.
1129 1749 1210 1816 1,2,
1226 1750 1272 1807 19.

279 1853 344 1888 nom
359 1836 414 1888 tute
436 1836 508 1890 lond
521 1835 628 1898 uenat,
646 1833 697 1884 nisi
709 1835 853 1902 praefinito
874 1835 962 1902 loqui,
978 1851 1045 1902 quae
1065 1835 1107 1887 illi
1125 1836 1270 1905 placerent.
1367 1841 1368 1850 ¹

281 1921 403 1973 Donatus
423 1935 507 1986 quum
522 1923 675 1982 onerasset,
693 1917 776 1975 etiem
790 1920 831 1972 itu·
849 1917 924 1988 legi,
942 1918 972 1970 id
993 1927 1157 1994 receperunt
1179 1921 1271 1974 Faer-

277 1994 330 2056 nne¹
343 2010 372 2056 et·
384 2001 542 2060 Bentleine:
561 2001 633 2070 qnod
648 2001 759 2062 concedi
773 2001 884 2079 poterit.
918 2003 1024 2058 Temen
1041 2003 1127 2058 etiem
1140 2023 1192 2075 per
1214 2009 1270 2063 illio

277 2094 383 2149 constet
397 2095 525 2146 metrum,

311 2189 369 2251 cic,
389 2190 424 2244 ed
445 2191 523 2247 an.
538 2186 629 2254 8,15.
659 2189 790 2245 Bellienus
809 2217 843 2232 -
860 2190 1003 2244 Domitium
1019 2195 1173 2260 quemdem,
1189 2196 1267 2250 noli-

277 2276 327 2328 lem
343 2277 397 2332 illie
422 2275 540 2336 Comanis
559 2275 685 2343 hospitem
702 2301 737 2312 -
763 2267 980 2348 comprehendit'
1006 2278 1099 2330 Codex
1124 2279 1266 2334 medicene

275 2362 333 2426 illi,
351 2361 385 2414 de
410 2379 463 2431 quo
486 2359 542 2414 inm
562 2357 713 2415 Lambinus
736 2367 812 2412 recte
835 2359 977 2415 iudicavit.
1022 2361 1167 2416 Librarius
1181 2364 1266 2418 enim

273 2444 382 2504 videtur
395 2445 546 2507 litternme
563 2445 664 2509 semel,
681 2461 735 2498 nou
748 2443 791 2496 bis
805 2443 970 2512 expressisse
988 2444 1016 2498 in
1035 2447 1141 2500 duobus
1159 2449 1266 2504 verbis.

222 2567 225 2572 ,
276 2528 535 2600 undecennium
555 2528 734 2595 nlenten
754 2546 920 2596 pronomen,
940 2547 993 2582 non
1015 2531 1186 2586 adverbium.
1221 2536 1264 2587 Dc

278 2615 442 2682 Quintiliani
456 2615 481 2679 1,
496 2615 522 2678 3,
537 2612 563 2666 4.
582 2613 646 2666 vide
662 2631 688 2666 n.
703 2611 743 2666 5.
763 2615 794 2666 ln
818 2613 910 2668 Ovidii
931 2615 998 2668 Met.
1021 2615 1064 2680 14,
1077 2615 1138 2670 428.
1157 2626 1264 2672 temere

274 2698 372 2765 reponi
391 2697 470 2751 iussit
486 2695 618 2772 Homine,
638 2698 788 2777 prudenter
807 2694 944 2754 dubitavit
962 2700 1136 2756 Burmannus
1156 2701 1186 2759 io
1205 2706 1263 2758 Ln-

273 2799 333 2844 enn·
350 2780 377 2853 5,
392 2779 453 2844 1⁰4.
512 2769 515 2786 '
547 2805 556 2820 s

202 2972 205 2986 .
289 2925 328 2992 1.
341 2918 421 2990 Illic
436 2927 484 2987 est
498 2917 533 2987 iu
547 2917 606 3004 illo
621 2917 717 2998 loeo,
740 2918 797 3014 qui
813 2929 862 2985 est
878 2944 896 2994 e
917 2921 1074 3009 loquente
1095 2936 1260 3010 remotus,
1349 2949 1364 2983 ⁴.

203 3009 281 3087 ἐκεῖ,
302 3005 414 3096 quod,
434 3007 461 3079 si
480 3027 548 3074 non
572 3006 757 3094 opponitur
775 3007 850 3082 tic,
873 3009 1105 3080 etium'nntive
1128 3034 1260 3099 prono·

121 3147 127 3160 .
202 3095 302 3162 minis
329 3091 441 3164 formu
466 3092 522 3162 illi
546 3115 587 3158 ex
614 3093 757 3162 unitur.
807 3093 857 3161 De
879 3087 1024 3174 ratione,
1054 3118 1136 3184 quae
1167 3099 1260 3166 inter

202 3181 276 3245 illic
304 3189 335 3246 et
366 3179 423 3252 ltin
458 3116 649 3266 intercedit,
679 3180 764 3251 sicut
793 3178 881 3252 inter
910 3179 972 3253 elic
1001 3183 1259 3270 pronominalis,

202 3266 350 3338 diximus
373 3269 495 3350 polos
559 3285 561 3291 ¹
958 3325 960 3332 .

183 3428 189 3436 .
302 3384 394 3443 Plent.
404 3384 507 3444 Bacch.
525 3381 552 3450 5,
567 3385 594 3450 2,
607 3381 652 3442 35,
673 3385 737 3455 quid
751 3385 828 3445 illese
841 3385 896 3438 illle
911 3385 939 3448 in
955 3388 1060 3442 consilio
1077 3389 1145 3442 dnae
1159 3398 1258 3444 sennem

268 3457 435 3522 emicant
469 3469 543 3522 uon.
556 3468 582 3536 z,
597 3469 624 3534 2,
642 3465 686 3530 34,
705 3471 743 3522 un·
759 3471 817 3522 tun
834 3466 966 3546 onena,
984 3474 1030 3543 qut
1049 3473 1256 3541 intestabilem,

266 3555 400 3625 perduint.
433 3547 459 3616 5,
474 3551 501 3618 5,
515 3552 559 3606 53.
577 3555 633 3606 inm
647 3571 699 3623 ego
713 3555 768 3610 illie
781 3559 850 3632 saxo
865 3556 921 3609 erit.
940 3587 941 3590 =
1006 3590 1009 3600 ·

302 3656 394 3716 Fient.
413 3655 491 3723 cept.
505 3655 532 3721 2,
547 3654 574 3720 2,
587 3653 632 3716 tl.
652 3675 685 3714 ne
697 3657 776 3726 putri
791 3685 825 3699 -·
844 3660 930 3720 decere
950 3638 1071 3721 uidentur
1091 3661 1197 3738 magis,
1212 3680 1256 3717 me

266 3746 387 3793 emerem
409 3742 501 3794 seruire
521 3742 593 3809 apud
608 3749 633 3796 te
650 3749 755 3810 sumptu
770 3749 795 3798 et
812 3746 906 3802 uestitu
925 3752 970 3801 tuo
986 3746 1076 3814 potine
1099 3763 1180 3814 quom
1202 3749 1254 3814 illi,

267 3823 312 3882 nli
328 3825 434 3885 minine
454 3826 589 3886 honestum
611 3834 663 3892 est,
686 3827 858 3886 medicantem
879 3819 970 3887 ninere.
1010 3827 1036 3893 2,
1060 3827 1086 3894 2,
1109 3829 1152 3884 90.
1176 3850 1255 3900 ptem
1365 3851 1366 3860 ¹

265 3910 372 3963 mittem
388 3911 426 3962 od
440 3918 549 3980 petrem,
566 3919 595 3965 ut
613 3913 635 3964 is
649 3913 724 3964 homo
742 3913 887 3970 redimetur
901 3913 950 3972 itti.
985 3911 1086 3980 Mill,
1102 3913 1129 3982 o,
1141 3914 1189 3985 tt.
1211 3919 1255 3972 elie

214 3991 218 4000 “
263 3995 370 4058 menum
386 3994 440 4054 leet
456 3995 510 4054 tan
527 4015 577 4068 ego
592 3997 633 4054 tui
646 4015 699 4050 ero.

300 4098 403 4168 Poetae
418 4099 504 4162 verbo
521 4101 575 4160 illie
590 4117 701 4180 sempor
714 4081 818 4162 interos
833 4099 966 4174 insignire
982 4103 1128 4160 solebant.»
1143 4103 1254 4160 Tibult.
