2812 4732
243 279 308 346 866
689 310 694 332 .
709 269 824 340 INDE.

308 445 351 484 m
366 453 402 470 ···
418 428 533 480 nmen
558 427 618 480 lcinc
637 432 716 495 atque
736 427 798 480 inde
818 403 961 497 nopclssn,
978 427 1074 498 utiquc
1093 445 1148 498 pas·
1168 431 1305 501 gaudiani

308 531 451 588 paremquc
465 514 613 565 clamorem.
648 512 685 564 ci.
700 511 841 566 Schwsn.
859 530 886 580 p.
901 512 963 567 598.

327 643 380 704 17.
418 636 527 722 Supra
557 655 592 720 p.
614 637 668 699 87.
690 609 916 713 tradidimus,
944 633 1141 701 Toreistium
1178 637 1302 703 dixisse
1364 669 1365 686 ¹

241 727 322 794 ltinc
340 723 438 790 illinc
454 743 518 808 pro
535 721 614 786 hinc
630 719 681 784 vel
693 720 802 785 illinc.
846 723 987 800 Plinius,
1009 723 1206 801 Suetonius,
1231 726 1264 788 T
1265 749 1301 788 a·

244 815 328 878 citus
341 811 605 894 recentioresque
627 806 708 870 hinc
733 807 814 870 inde
836 806 1002 872 formulas
1025 811 1129 874 instar
1156 831 1300 898 usurpo-

138 956 147 974 ,
242 903 339 978 bont,
372 904 408 960 ut
430 903 530 960 esset:
564 892 700 959 divorsis
725 915 767 957 ex
791 892 930 974 locis,o
958 913 1168 982 quocumque
1192 910 1300 984 porte,

241 985 401 1070 undique.

342 1104 452 1156 Suoton·
475 1097 541 1154 Tib.
554 1099 604 1154 tl.
631 1118 662 1154 cs
689 1100 781 1170 onitas
807 1100 837 1153 in
863 1099 1006 1170 exemplans
1032 1116 1122 1171 pnaca
1149 1104 1212 1156 leina
1239 1106 1299 1158 insie
1365 1127 1366 1166 1

306 1189 414 1248 subieci
1026 1242 1032 1248 .

341 1292 413 1346 Ptin.
430 1285 518 1354 Epist.
533 1283 567 1352 9,
584 1285 634 1352 13,
650 1285 680 1340 81
697 1287 805 1357 longam
825 1293 865 1340 est
886 1287 975 1340 osenia
992 1291 1059 1356 quae
1076 1296 1137 1340 tunc
1159 1290 1297 1345 hincinde

309 1380 411 1432 iactato
430 1380 499 1427 sunt.
533 1373 645 1426 Suston.
660 1372 725 1425 Ner.
739 1370 782 1425 49.
799 1389 950 1440 unoquoque
964 1375 1024 1425 tine
1037 1375 1099 1426 inde
1111 1376 1237 1430 instante.
1251 1376 1293 1428 27.

309 1460 399 1517 Tacit.
420 1459 495 1514 nist.
519 1455 551 1522 4,
572 1455 614 1509 62.
630 1469 633 1482 ·
647 1458 762 1509 reuolsas
784 1457 970 1525 imperatorum
991 1445 1138 1529 imagines,
1161 1461 1294 1514 inhonora

304 1552 400 1620 signu,
422 1544 594 1612 fulgentibus
617 1543 678 1602 hinc
705 1543 766 1595 inde
790 1541 925 1595 Gallorum
947 1543 1056 1598 oscillis.
1099 1544 1246 1600 Palladios
1267 1548 1294 1613 1,

306 1632 390 1702 18,1.
407 1630 434 1698 l,
449 1627 493 1694 2⁰,
510 1625 538 1679 2.
554 1625 581 1693 8,
594 1624 639 1693 25,
654 1626 699 1681 89.
716 1625 742 1693 9,
759 1625 786 1692 9,
803 1626 830 1680 2.

282 1727 289 1734 “
318 1755 374 1823 18.
396 1757 515 1822 Poetae
532 1751 672 1818 inde-
688 1748 772 1816 inde
786 1771 850 1839 pro
867 1729 950 1817 ilinc
967 1787 1012 1802 -··
1025 1750 1107 1818 inde
1123 1752 1290 1820 dixerunt.

236 1845 332 1912 Ratio
349 1845 385 1908 in
401 1850 564 1930 promptu
576 1847 634 1904 est.

335 1965 438 2018 Lacon.
452 1959 479 2024 i,
493 1957 553 2012 511.
573 1961 634 2046 inde
647 1961 781 2030 sagittas,
796 1959 856 2014 inde
862 1963 939 2028 foces
954 1965 978 2013 ct
994 1975 1060 2013 scsa
1076 1947 1174 2015 otlart

320 2105 372 2166 19.
390 2100 582 2184 Elegantem
595 2098 774 2186 particulae
788 2119 885 2162 usum
898 2097 1004 2184 critici
1017 2096 1171 2161 videntur
1187 2097 1287 2186 igno·

234 2209 334 2256 rasse.
378 2185 466 2250 Inde
485 2185 589 2261 enim,
611 2185 703 2271 quod
719 2186 838 2258 dicitur
858 2206 920 2271 pro
942 2183 985 2248 ab
1010 2183 1074 2249 illo
1096 2196 1199 2268 porte
1221 2187 1286 2249 sive

236 2275 281 2342 al>
301 2275 503 2359 incessione,
529 2270 687 2334 etiamad
710 2271 850 2335 modum
870 2268 1025 2336 refertur.
1070 2269 1146 2348 Quo
1169 2269 1226 2351 fit,
1251 2279 1284 2334 ut

234 2357 446 2446 interpretari
470 2358 635 2442 possimus
652 2357 719 2422 tac
737 2359 812 2441 oia,
835 2355 897 2420 hoc
919 2357 1038 2437 modo,
1063 2354 1135 2420 itas
1159 2357 1217 2421 sed
1232 2380 1285 2422 ra-

232 2449 281 2515 tio
299 2443 450 2512 alicunde
465 2441 646 2510 deducitur.

335 2567 416 2620 caes.
431 2565 466 2616 B.
484 2561 539 2616 civ.
559 2561 585 2627 1,
601 2559 643 2613 89.
664 2564 693 2615 id
710 2571 768 2616 otro
781 2557 970 2631 militilus'fuit
981 2568 1139 2632 pergratum
1152 2569 1179 2614 ct
1192 2563 1286 2615 incus·

299 2654 377 2714 dnm,
402 2656 432 2701 ut
450 2635 483 2698 cs
506 2647 565 2714 ipso
581 2648 774 2717 significatione
791 2651 879 2718 potuit
901 2651 1032 2720 cognosci,
1052 2655 1096 2711 ut,
1117 2648 1163 2716 qai
1184 2648 1285 2716 aliquid

299 2731 534 2787 oisti'ineomnsodi
554 2733 783 2798 exspectavissent,
815 2736 886 2787 ultro
907 2735 968 2786 inde
986 2733 1136 2803 praemium
1153 2733 1284 2784 missionis

293 2822 403 2886 ferrent.
440 2812 597 2867 omiserunt
612 2813 719 2870 librarii
734 2817 846 2886 quidam
865 2823 893 2870 et
908 2816 997 2871 critici
1012 2819 1080 2870 inde.
1114 2815 1194 2882 Ouid.
1211 2819 1283 2869 Her.

294 2903 322 2968 2,
336 2899 380 2958 54.
398 2905 474 2969 parte
488 2901 555 2952 satie
566 2901 646 2968 potui
666 2903 782 2970 qualibet
805 2905 867 2956 insle
886 2904 954 2971 capi.
976 2902 1078 2970 dequo
1100 2902 1162 2954 loco
1180 2917 1205 2970 p.
1219 2899 1283 2953 364.

296 2986 373 3044 Dicit
386 2982 511 3055 Phyllis:
530 2983 595 3054 quisi
609 3002 655 3038 me
669 2986 764 3040 iuvant
778 2992 818 3041 tot
834 2985 959 3057 pignosa.
992 2987 1075 3041 Potui
1098 2988 1134 3041 ab
1155 3004 1282 3054 unoquo-

295 3092 350 3146 quo
378 3070 440 3141 cspi
472 3069 573 3126 amosis
594 3087 699 3126 caussa.
739 3071 795 3126 Nos
817 3090 870 3126 oon
891 3073 975 3126 dieser
996 3071 1083 3137 Scite,
1114 3075 1283 3141 aufslicsesn

297 3161 388 3230 chc.

310 3285 365 3358 20.
384 3280 434 3344 Dc
449 3256 601 3367 tompore
618 3277 912 3366 usurpatuoinde‚
938 3264 957 3345 o
979 3277 1055 3345 loco
1073 3281 1282 3363 translatum,

227 3375 326 3452 atquo
342 3365 668 3454 primum-significat
680 3390 721 3431 ex
736 3389 775 3434 eo
790 3377 951 3452 tempore.
998 3368 1052 3431 Sic
1068 3369 1103 3432 in
1120 3372 1283 3458 temporis

226 3451 377 3518 distantis
396 3449 586 3517 definitione
609 3475 673 3541 pro
689 3451 829 3534 abilina,
855 3453 877 3516 i.
894 3473 923 3516 c.
944 3452 1099 3518 ceitdem.

327 3569 388 3626 Lis.
404 3571 430 3638 8,
445 3571 489 3638 88,
505 3571 530 3624 1.
549 3573 592 3626 liic
603 3573 672 3642 finis
691 3574 776 3644 Appio
794 3574 895 3626 alisnac
910 3591 1039 3644 personas
1053 3576 1185 3643 suendae
1201 3577 1282 3644 fait.-

291 3675 339 3712 suo
354 3660 409 3711 iam
425 3659 487 3712 insle
499 3659 582 3713 oiccsc
600 3661 704 3730 ingenio
718 3661 808 3728 coepit.
1191 3689 1195 3700 ·
1216 3683 1219 3700 ¹

328 3760 398 3814 Stat.
413 3761 504 3814 Theb.
519 3761 546 3830 1,
562 3760 623 3816 189.
642 3781 679 3816 cn
694 3764 753 3815 inde
768 3767 838 3814 oetas
860 3761 952 3814 Thetis
973 3761 1119 3814 manditur
1137 3779 1230 3829 amen,
1250 3779 1281 3816 es

293 3864 390 3917 quo-
411 3847 526 3900 Cadmus
540 3849 611 3900 cssul
625 3848 769 3916 hyantlscos
785 3846 885 3899 invenit
905 3863 993 3916 regna
1012 3862 1169 3918 peragens.
1204 3847 1282 3900 Sue·

291 3935 348 3985 too.
364 3929 427 3984 Tib.
441 3930 484 3982 11.
506 3933 662 3992 amoenitate
681 3938 708 3984 et
728 3931 884 3984 salubritate
901 3931 1004 3985 insulas
1019 3934 1076 3986 iam
1092 3935 1151 3987 inslc
1172 3941 1281 4004 captus,

292 4030 371 4084 quum
387 4015 422 4067 asi
435 4031 498 4066 ccm—
511 4017 546 4069 al
562 4017 687 4070 Armenio
701 4017 802 4069 rediens
824 4017 972 4087 appulisset.
1007 4015 1121 4085 Quintil.
1136 4017 1168 4084 1,
1182 4015 1215 4084 5,
1232 4018 1280 4072 21.

200 4149 202 4154 .
291 4100 352 4157 inis
366 4099 496 4160 duratas
507 4115 651 4172 ncsnsqns
663 4101 833 4159 nlenenter.
866 4101 989 4159 Moruni.
1002 4100 1030 4170 i,
1044 4101 1105 4156 los
1121 4103 1188 4160 Milo
1202 4104 1281 4160 sani
