2812 4732
245 323 311 390 326
686 388 690 393 ,
744 317 800 384 IN.

246 487 317 540 tere
338 473 512 539 notionem
535 469 777 549 similitudinis,
799 467 829 533 et
851 468 1008 558 Virgilius
1032 449 1118 536 dixit
1137 473 1222 536 Aen.
1250 474 1300 550 1'1,

246 567 322 627 771.
351 581 447 648 quem
476 558 625 646 (equum)
649 555 752 642 pellis
776 555 873 620 aenis
898 556 935 619 in
959 556 1121 642 plumam
1152 559 1301 644 squamis

252 669 338 712 auro
355 641 676 731 consertwtegebat.
702 640 793 727 quod
811 639 984 704 Sallustius
1009 643 1041 704 in
1066 642 1197 730 Fregm.
1220 643 1303 709 Hist.

249 756 267 798 e
295 732 338 796 ud
364 731 533 795 Servium:
558 751 644 816 quae
669 727 776 790 lintea
798 722 923 813 ferreis
946 726 1087 791 laminis
1111 731 1149 792 in
1164 728 1303 791 modum

246 841 272 904 p
310 839 388 880 mae
411 825 659 881 annexuerunt.
711 812 864 896 Eumque
885 833 982 875 usum
1004 823 1180 900 poetarum
1206 835 1302 877 suum

248 903 401 968 fecerunt
424 901 620 990 posterioris
645 897 806 985 temporis
831 898 1020 984 scriptores.
1071 899 1187 985 Neque
1216 900 1301 962 enim

250 989 292 1054 sd
314 999 420 1050 totam
445 987 640 1052 latinitatem
664 986 826 1070 pertinet,
850 1004 958 1070 neque
982 983 1086 1048 ullum
1111 985 1302 1072 exemplum

249 1075 416 1160 antiquius
444 1094 515 1135 uon
540 1071 684 1158 pertinet
709 1069 749 1132 sd
781 1090 853 1134 eom
887 1071 1172 1149 observationem,
1205 1093 1302 1156 quem

249 1159 392 1246 exposui
419 1180 453 1224 n.
472 1163 523 1222 33.
552 1158 721 1224 Praeterea
746 1155 803 1240 qui
828 1175 870 1228 ex
888 1155 985 1224 Plinii
1009 1156 1100 1220 libris
1124 1157 1303 1219 efferuntur

249 1244 334 1318 loci,
359 1243 423 1334 ipsi
439 1253 517 1308 sunt
534 1241 643 1308 dubii:
665 1241 699 1304 in
715 1240 771 1321 iis,
794 1261 876 1326 quae
896 1241 930 1304 in
947 1241 1075 1328 Apuleii
1095 1243 1233 1306 Metam.
1255 1241 1303 1306 le-

273 1339 392 1406 untur,
428 1327 495 1391 duo
516 1337 648 1391 tentum
671 1323 824 1412 exemplu
853 1336 1008 1390 constent
1032 1329 1226 1394 auctoritate
1246 1349 1302 1390 co·

249 1355 372 1481 ileum.
415 1413 580 1477 Koelerus
601 1433 705 1496 quum
724 1411 757 1475 in
781 1410 898 1476 Wolfii
921 1413 1066 1479 Analeot.
1090 1437 1122 1501 p.
1144 1419 1222 1478 332.
1244 1436 1303 1500 per
1373 1453 1374 1460 κ

247 1503 286 1568 in
310 1499 456 1587 exprimi
478 1498 557 1562 dicit
580 1497 818 1579 secessionem,
839 1508 994 1583 sequutus
1020 1498 1215 1563 Ruhnkenii
1240 1500 1303 1563 do-

250 1589 414 1666 ctrinam,
455 1607 525 1648 non
559 1585 634 1648 setis
675 1605 790 1664 usum,
827 1606 887 1648 nee
921 1584 1086 1650 rationem
1122 1586 1302 1672 perspexit.

249 1673 455 1739 Sehwnrzius
481 1669 568 1735 haud
618 1667 759 1734 robebili
787 1669 890 1734 modo
924 1681 1098 1761 comperet
1128 1672 1302 1736 Gallorum

249 1782 292 1827 en
302 1758 443 1848 prisce,
467 1781 509 1824 en
524 1694 736 1844 philisopne.
1160 1755 1166 1760 ’

240 1317 245 1347 l

351 1925 749 1994 Pltn.uist.n.1e,1s,st.
776 1928 844 1980 lsnne
867 1929 1014 2000 glomerari
1036 1928 1152 2000 prslvere.
1187 1932 1303 1988 Frustra
1374 1979 1375 1984 ,

314 2015 487 2083 Oudendorp.
501 2013 622 2066 defendit
634 2013 800 2082 scripturam
815 2013 879 2067 edit.
895 2031 982 2084 parm.
997 2014 1027 2066 s'ss
1041 2016 1182 2084 pulverem.
1200 2016 1246 2083 13,
1261 2016 1303 2082 15,

315 2102 358 2154 so.
378 2103 470 2154 messsis
484 2101 627 2168 praecipua
645 2100 691 2152 dos
703 2099 731 2152 in
746 2115 836 2151 venam
857 2099 949 2167 crispis
965 2099 1006 2151 eel
1027 2099 1055 2152 s'n
1071 2101 1180 2153 vortices
1201 2121 1303 2170 pernes.

315 2188 344 2243 h.
361 2203 385 2237 e.
399 2185 428 2236 iu
444 2185 563 2237 formum
579 2199 675 2236 venue.
710 2182 836 2237 Albinov.
853 2184 881 2236 iu
897 2189 1014 2236 mortem
1034 2184 1159 2240 Mneoen.
1175 2184 1220 2239 87.
1230 2189 1306 2254 fudit

319 2270 432 2324 Aloidas
443 2277 585 2339 postquam
599 2269 749 2321 dominator
772 2270 890 2339 Olympi,
906 2269 1003 2320 dieitur
1026 2270 1054 2320 iss
1075 2271 1187 2324 nitidum
1210 2291 1305 2342 preeu-

318 2357 401 2408 luu‘sse
426 2357 519 2408 bovem.
553 2353 619 2407 Non
632 2353 799 2422 intelligitur
816 2353 843 2405 lu
864 2353 976 2404 modum
996 2353 1090 2419 bovis,
1110 2356 1158 2407 sed
1185 2355 1304 2423 ipseln-
1375 2401 1376 2432 ,

318 2439 392 2509 piter
407 2441 498 2492 fectus
517 2448 559 2493 est
572 2439 629 2490 bos.
665 2441 759 2506 Quare
774 2438 891 2506 pertinet
907 2441 959 2492 hoo
983 2439 1138 2507 exemplum
1161 2441 1196 2493 nd
1220 2459 1246 2492 n.
1261 2441 1303 2495 33.
1368 2463 1370 2470 ·

315 2526 485 2577 Proesmtere
502 2524 536 2575 de
544 2529 732 2583 transmutato
748 2524 960 2590 corporebus,
976 2531 1004 2576 et
1022 2526 1159 2589 eomodo,
1178 2545 1232 2594 quo
1250 2527 1305 2580 Ne·

316 2625 385 2667 sues.
401 2610 505 2678 Cyneg.
519 2608 564 2660 29.
584 2608 638 2660 sits
656 2609 707 2660 ivit
724 2609 754 2659 iss
769 2609 889 2661 arboreas
906 2611 1037 2677 frondes:
1055 2609 1103 2661 sed
1123 2610 1214 2677 aptius
1236 2611 1305 2665 illud

317 2698 433 2744 naturae
447 2690 527 2744 bovis
541 2690 659 2744 videtur.
685 2691 733 2744 Sic
745 2691 906 2746 Philostret.
921 2695 954 2746 (le
970 2695 1028 2748 vita
1038 2695 1157 2761 Sophist.
1165 2695 1191 2748 2.
1209 2695 1305 2763 p.593.
1375 2737 1376 2768 ,

319 2764 453 2841 Demissis
463 2803 499 2821 «-
514 2773 543 2838 ἐς
557 2773 658 2830 λέοντα
672 2777 828 2842 θυμοῦται,
847 2776 896 2832 καὶ
912 2777 940 2842 ἐς
951 2780 1003 2834 σῦν
1020 2773 1104 2848 ὁρμᾷ,
1121 2779 1170 2834 sal
1180 2780 1221 2843 ele
1236 2777 1304 2850 δρᾶ·-
1375 2769 1376 2830 l

318 2879 406 2915 κοντα
419 2864 518 2930 χωρεῖ,
538 2859 588 2915 καὶ
604 2861 644 2923 εἰς
658 2856 799 2930 πάρδαλιν
816 2856 903 2917 ἅπτει.

351 2981 459 3049 Apulei.
481 2980 549 3039 Met.
573 2979 599 3040 3.
626 2965 736 3049 Ρ.’135,
760 2977 802 3033 36.
826 2983 899 3050 fleus
920 2981 948 3033 ist
971 2981 1086 3050 lapidem
1109 2984 1168 3036 steti
1188 2971 1307 3054 gelidas.

314 3063 415 3118 Omnes
431 3065 508 3119 codd.
522 3065 626 3118 habent
647 3067 746 3135 lapide.
778 3066 850 3121 lllud
865 3073 922 3130 est,
941 3065 1060 3133 defixus,
1080 3074 1111 3120 ut
1124 3067 1195 3136 lupls
1214 3071 1306 3122 fectus

314 3151 435 3204 viderer.
456 3151 482 3204 2.
501 3169 527 3220 p.
540 3149 664 3215 llum.
682 3152 800 3221 lapideus
814 3154 929 3205 Actaeon
948 3180 980 3192 -
1004 3154 1033 3205 iu
1049 3155 1153 3206 dorsum
1168 3156 1305 3222 proiectus,
1374 3143 1376 3158 ⁴

279 3229 282 3232 ¹
317 3237 373 3293 iam
396 3238 424 3286 ἐκ
450 3243 553 3290 sernum
567 3237 681 3301 serium.
715 3253 767 3288 nou
787 3237 865 3288 abest
890 3236 965 3290 notio
992 3236 1205 3308 progressionis:
1233 3238 1307 3305 quod

315 3335 366 3374 nos
380 3319 418 3368 ss
433 3335 485 3377 zur
497 3319 684 3372 Hirselmatur.
708 3317 734 3370 3.
752 3338 779 3388 p.
795 3320 855 3384 139,
871 3319 915 3374 38.
939 3323 1044 3393 iamque
1065 3323 1172 3377 alternis
1196 3323 1307 3375 eonati-

317 3403 364 3456 tus
379 3401 624 3466 stereus-tmesis,
641 3403 670 3459 in
694 3418 766 3456 auem
789 3405 898 3457 similem
918 3409 1069 3476 gestiebam.
1104 3407 1160 3460 Hic
1178 3409 1206 3459 iu
1229 3425 1308 3460 anem

315 3486 415 3554 pendet
438 3502 472 3538 ex
497 3485 583 3538 verbo
609 3486 721 3555 gestire,
746 3493 776 3540 ut
790 3502 885 3546 sensus
907 3488 957 3549 sits
983 3492 1127 3560 cupiebam
1148 3491 1208 3546 svis
1231 3491 1306 3546 lieri.

310 3569 338 3624 4.
364 3589 391 3639 p.
405 3567 473 3636 144,
490 3569 533 3622 23.
552 3569 684 3638 iacensque
702 3561 732 3624 in
753 3582 882 3632 mensum
903 3592 957 3628 non
975 3578 1110 3644 sortitus,
1128 3595 1182 3629 nou
1207 3578 1307 3629 stimu-

310 3642 345 3708 lis
362 3681 397 3700 ··
413 3656 521 3712 tentavit
536 3670 683 3725 exsurgere.
717 3657 773 3709 Sed
792 3659 901 3712 oodioes
926 3659 994 3725 elii,
1009 3661 1082 3715 intes
1097 3679 1165 3730 qnos
1181 3661 1306 3726 Pisuoet,

300 3740 342 3792 ‘iss
357 3741 463 3794 modum
477 3740 588 3794 mortuis
609 3755 680 3807 quse
696 3740 780 3796 dictio
795 3743 957 3814 saepissime
974 3750 1122 3815 usurpetur
1131 3749 1166 3800 ab
1177 3747 1308 3816 Apuleio.

307 3823 336 3881 3.
352 3822 520 3897 p.185,et.
543 3825 634 3894 pudes*
656 3840 715 3881 sere
736 3827 836 3896 Iupiter
857 3831 971 3905 mugivit
993 3831 1020 3883 in
1043 3833 1147 3884 bovem:
1172 3833 1309 3902 potestis

310 3911 386 3963 esino
411 3927 467 3966 mee
488 3911 569 3964 latere
592 3909 694 3982 aliqrsid
714 3913 755 3964 sel
774 3914 862 3967 vultus
885 3915 995 3968 hominis
1022 3917 1063 3969 uel
1078 3917 1166 3984 facies
1187 3918 1307 3969 deorum.

204 4033 207 4048 .
312 3993 407 4050 Etiam
419 3993 467 4047 hic
483 3994 533 4047 elli
553 3993 629 4048 sedda
646 3995 675 4049 s'n
688 3997 750 4054 teve
768 3999 910 4072 praebent
945 3999 1001 4060 Sel
1018 3999 1088 4061 illud
1112 3999 1204 4078 seeipi
1222 4001 1310 4058 debet

310 4095 362 4156 pse
378 4079 407 4138 s‘s
424 4081 529 4140 medem
548 4079 627 4140 benis.
813 4127 818 4159 Ι
