2730 4720
247 265 308 328 stt
333 299 337 317 ·
630 254 887 328 IDENTIDEM.

275 429 278 439 '
310 411 427 470 stitionir
440 428 493 468 noa
508 429 585 484 porro
598 411 696 482 negari
709 416 819 480 propter
834 409 970 476 aversae,
987 425 1058 480 qnae
1072 409 1142 468 inter
1156 411 1285 468 homines

309 498 499 562 inveniuntur,
519 496 666 566 opiniones.
699 496 773 550 Dicit
787 496 874 550 enin:
896 513 948 550 non
963 502 1108 566 propterea
1129 499 1202 566 qnod
1222 499 1284 567 opi-

310 585 403 638 niones
418 589 479 636 runt
495 583 568 636 aliae
589 581 661 650 apud
678 581 762 646 elios,
782 580 823 644 ii,
839 571 885 646 qni
905 597 1000 640 canem
1023 586 1053 633 nt
1074 581 1155 633 deum
1181 584 1282 648 colent,

308 669 417 722 divana
433 665 621 736 superstitione
637 681 719 732 qaam
734 671 841 718 ceterae
854 671 950 734 gentes
964 665 1162 718 conflictantur.

344 771 405 908 {iii
420 795 455 808 -
470 769 575 824 ideirco.
623 767 680 820 otc.
701 767 734 820 de
759 767 834 822 Orat.
853 767 886 832 1,
909 765 959 834 50,
977 765 1037 822 2⁰6.
1066 767 1131 822 vide
1157 767 1235 824 Toni.
1256 769 1284 822 2.

307 871 335 925 ιι.
402 892 411 908 .

323 991 355 1056 5.
378 987 530 1054 Notonda
554 997 602 1051 est
625 984 889 1070 interrogationis
912 982 1023 1051 forma
1044 981 1199 1052 intenlio
1223 983 1281 1049 id·

198 1099 206 1114 ·
240 1097 391 1156 cercone,
414 1074 453 1138 ab
470 1073 563 1137 initio
580 1071 757 1136 sententiae
773 1071 894 1158 posito.

340 1193 397 1248 (iic.
414 1211 441 1262 p.
456 1193 537 1246 Rosc.
551 1192 611 1244 Am.
625 1189 668 1255 te,
682 1187 742 1244 141.
760 1191 886 1243 idcircone
901 1196 1042 1260 mummia
1058 1189 1185 1242 nobilitas
1199 1188 1278 1270 ιιιιηίι

192 1343 194 1348 ¹
305 1285 383 1346 atoue
392 1279 469 1343 ferro
481 1294 535 1329 rem
546 1275 677 1344 publicone
696 1276 871 1344 recuperauit,
888 1283 916 1328 ut
937 1275 972 1326 od
993 1275 1126 1326 libidinem
1150 1292 1225 1326 ιιιιιιιι
1244 1273 1296 1324 Η·-

305 1362 371 1416 ierti
386 1362 527 1428 secutique
543 1359 667 1412 nobilium
684 1359 765 1422 ioue,
777 1361 902 1424 fortunas
915 1365 1012 1411 uestros
1026 1365 1172 1426 nostrosque
1185 1371 1275 1409 occare

303 1444 425 1516 portem
459 1463 486 1514 p.
501 1445 531 1496 C.
545 1439 641 1494 Rebir.
660 1439 686 1508 8,
700 1437 743 1494 23.
761 1443 886 1497 idcircone
902 1443 1014 1514 aportuit
1032 1443 1061 1494 C.
1076 1440 1216 1494 Rabirium
1229 1441 1274 1493 de·
1295 1505 1297 1508 Ι

304 1529 409 1582 reicere
423 1545 441 1582 a
456 1546 484 1584 re
496 1525 621 1598 publico?

320 1665 351 1728 6.
374 1662 487 1744 Quum
504 1661 707 1750 grammatici
723 1661 878 1727 vidissent
891 1661 999 1728 bonos
1015 1662 1189 1748 scriptores
1205 1679 1274 1722 non

238 1747 360 1814 dixisse
381 1761 414 1814 et
437 1747 562 1836 igitur,
591 1745 648 1812 sed
671 1757 781 1812 tamen
805 1758 838 1813 et
861 1747 959 1822 ideo,
992 1747 1147 1832 ideoque,
1171 1765 1274 1840 quae·

237 1835 382 1901 siverunt
397 1836 511 1912 etium,
533 1853 613 1896 num
631 1853 787 1916 umquam
809 1835 894 1918 opud
917 1854 973 1897 eos
995 1835 1146 1896 usitatum
1170 1829 1273 1892 fuerit

237 1913 430 1987 etidcirco.
485 1919 653 1982 Ernestius
678 1915 869 1983 affirmavitc
909 1917 999 2004 quod
1027 1915 1158 2002 quidem
1181 1914 1273 1977 nulia
1357 1957 1358 1964 1

238 2003 457 2070 affirmatione
471 2001 646 2150 indigebat.
688 2003 890 2090 Numquam
908 2003 1034 2066 idcirco
1054 2023 1114 2088 per
1137 2021 1172 2063 se
1187 2021 1272 2062 con·

239 2097 320 2168 stet,
340 2087 422 2151 nihil
440 2087 539 2171 prohi
566 2097 612 2167 et,
635 2107 701 2172 quo
715 2089 824 2152 minus
840 2089 1017 2153 sententiae
1031 2087 1269 2172 coniungantur

234 2195 294 2264 per
310 2171 465 2242 vocabula
483 2182 517 2236 et·
531 2172 580 2236 vel
601 2191 673 2258 quc.

348 2291 404 2346 cic.
419 2292 452 2344 de
468 2289 564 2366 {nr31,
579 2289 605 2356 8,
623 2291 664 2342 ll.
681 2307 733 2344 nou
747 2289 812 2361 quod
829 2289 861 2343 de
871 2292 946 2357 sacto
962 2297 1077 2354 constet,
1095 2292 1140 2344 scd
1155 2291 1267 2360 quodid,

300 2379 367 2446 quod
384 2379 488 2444 sactum
511 2378 562 2442 eit,
585 2377 659 2429 eliud
682 2378 729 2428 olii
750 2375 868 2428 uidentur
890 2391 957 2438 esse,
983 2375 1116 2428 etidcirco
1134 2377 1202 2428 otius
1218 2376 1269 2426 clio

280 2463 400 2514 momine
416 2460 444 2513 id
459 2461 579 2531 appellet.
614 2461 648 2514 ed
662 2461 752 2514 Frate.
767 2459 794 2524 1,
808 2461 834 2525 ²5
850 2459 875 2512 2.
892 2459 1001 2512 Sueten.
1016 2461 1095 2513 Gaea.
1109 2457 1135 2513 9.
1155 2461 1228 2512 Cnrt.
1241 2457 1267 2522 8,

301 2545 334 2611 a,
350 2543 393 2597 86.
417 2545 539 2596 Laetant.
560 2541 593 2609 5,
615 2545 647 2609 l,
668 2543 694 2596 5.
720 2544 823 2598 orditur
838 2543 1000 2596 sententiam
1024 2545 1088 2600 hic:
1119 2545 1157 2598 Et
1176 2543 1267 2597 idcirco

264 2627 265 2634 ’
299 2627 481 2696 disceptatione
493 2629 591 2681 scitata
601 2629 708 2697 pellitur
722 2629 831 2683 emedio
847 2630 984 2698 snpientia.

505 2777 971 2895 maurinum,

316 2941 488 3029 Originem
512 2953 544 3008 et
568 2943 714 3009 formam
745 2941 886 3008 adverbii
914 2945 1112 3010 mENTIDEnt
1142 2951 1265 3009 veteres

254 3029 433 3094 rammntici
457 3031 592 3110 docent,
622 3051 689 3096 esse
710 3031 841 3095 mutatis
869 3031 970 3096 literis
995 3031 1086 3096 idem
1107 3038 1141 3092 et
1164 3027 1265 3092 idem.

220 3053 412 3180 'iriscianus
434 3116 521 3180 enim
542 3140 573 3202 p.
590 3117 663 3182 945.
686 3115 723 3179 iu
737 3127 854 3180 neutro
872 3127 987 3180 tomen
997 3125 1183 3202 praetereo
1200 3134 1264 3200 ge-

163 3233 166 3252 =
230 3201 384 3264 minatur
397 3203 603 3286 compositio.
646 3200 802 3263 Dicimus
817 3200 907 3265 enim
921 3199 1128 3276 identidem,
1151 3197 1191 3261 id
1206 3209 1263 3273 est,

30 3303 34 3322 ¹
110 3315 143 3358 ,·
230 3283 322 3347 idem
344 3296 376 3349 et
389 3284 500 3360 idem,
524 3285 616 3348 cuius
631 3283 755 3368 obliqui
770 3281 932 3371 deficiunt
948 3309 1057 3351 casua.
1101 3283 1262 3370 additque

229 3367 340 3455 paullo
355 3377 450 3456 post:
476 3380 628 3432 mutatur
650 3368 741 3432 euim
762 3387 790 3432 nt
811 3370 849 3433 ιἰι
875 3391 898 3435 u
924 3383 1111 3448 uuteD1eu
1139 3369 1263 3434 Itoniae

229 3475 362 3518 caussa.
405 3449 493 3518 Beda
508 3453 547 3518 de
564 3451 857 3542 Orthographinp·
873 3461 968 3522 2337.
992 3391 1180 3521 identidim
1198 3477 1264 3540 per

192 3594 196 3603 ,
228 3535 307 3601 Niu
319 3536 437 3624 priore
468 3537 540 3602 loco
562 3535 775 3603 scribendum
800 3550 867 3620 est,
887 3541 966 3606 iicet
989 3542 1034 3606 sit
1055 3539 1099 3604 ab
1119 3538 1213 3603 idem
1230 3551 1263 3604 et

228 3618 320 3684 idem
345 3623 574 3706 compositum.
628 3622 662 3686 Si
685 3625 756 3710 quis
780 3645 857 3689 vero
882 3648 956 3690 cum
980 3627 1105 3691 Vossio
1121 3635 1262 3688 statuere

227 3705 339 3785 molit,
370 3706 549 3771 tlitteram
570 3727 637 3770 non
663 3717 704 3772 ex
731 3721 764 3774 et
784 3721 968 3796 sumptam,
1005 3711 1061 3776 sed
1088 3711 1123 3774 in
1154 3709 1262 3774 verbis

227 3789 320 3886 idem
343 3787 434 3854 idem
457 3793 684 3880 interpositam
705 3815 775 3860 esse
794 3815 832 3860 eo
858 3795 978 3876 modo,
1008 3817 1074 3882 quo
1099 3794 1197 3858 etiam
1227 3795 1262 3858 in

227 3873 314 3950 olim,
337 3873 435 3938 veluti
449 3876 482 3940 in
499 3877 618 3958 dedeo,
638 3878 769 3964 plecte,
789 3879 887 3945 inseri
901 3881 1020 3955 soleat,
1041 3879 1127 3944 houd
1139 3890 1263 3946 temere

226 3955 478 4024 desiderabimus
494 3962 688 4048 analogiam.
730 3965 835 4030 Aliam
859 3966 945 4030 enim
968 3967 1130 4031 rationem
1150 3965 1260 4046 sequi·

224 4067 301 4112 mur
316 4044 349 4111 in
372 4049 608 4136 componendis
631 4048 756 4130 verbis,
775 4047 872 4114 aliam
892 4053 927 4116 in
948 4049 1145 4116 formandis.
1177 4049 1261 4116 «Νε-
