2812 4732
227 289 293 358 504
460 333 462 340 -
721 284 779 352 IN.

312 446 343 508 7.
369 440 557 508 Gronovius
573 441 608 506 in
622 439 761 507 Diatrib.
777 462 810 526 p.
828 442 902 505 807.
922 439 1024 531 (520.)
1045 441 1083 506 iu
1098 463 1163 531 pro
1183 463 1289 530 super

171 575 173 583 ι
229 530 380 617 usurpari
395 529 603 594 demonstrat
615 527 712 590 variis
736 526 918 613 exemplis,
939 549 999 592 nec
1023 529 1119 614 aptis.
1163 528 1287 594 Statius

231 617 321 682 eni-m
339 635 441 700 quum
456 613 563 679 Theb.
581 618 611 692 6,
623 618 696 678 270.
712 611 808 676 dicit:
829 613 962 698 primus
980 614 1201 694 anhelantem
1220 614 1289 680 du-

230 723 270 768 ro
289 701 489 788 Tirynthius
513 721 645 787 angens
665 699 813 786 pectoris
841 701 965 763 attritu
989 722 1052 764 sua
1076 697 1226 788 frangit
1248 703 1289 766 in
1335 755 1337 762 .

230 811 310 854 ossa
333 783 473 852 leonem.
501 808 571 849 11011
595 785 748 870 intelligit
776 805 848 847 ossa
876 784 1044 864 Herculis,
1078 787 1135 850 sed
1170 789 1288 870 ieonis,

231 874 289 961 qui
304 870 467 957 frangitur
483 871 518 934 in
535 869 593 935 sua
611 892 703 950 ossa,
725 869 857 954 quando
874 889 918 934 ex
934 881 1073 956 utraque
1095 883 1191 960 parte
1215 895 1289 938 ossa

231 959 509 1046 comprimuntur.
550 955 660 1022 Theb.
688 958 726 1034 5,
746 957 820 1018 672.
860 979 950 1020 aune
971 955 1094 1020 'dircem
1120 959 1289 1024 0010111νί-

232 1067 366 1132 comque
388 1043 535 1108 cohortis
564 1074 608 1092 -
638 1041 745 1106 audes
768 1052 925 1106 mactare
949 1042 985 1105 iu
1009 1043 1166 1108 tumulos.
1217 1046 1289 1110 Hoc
1377 1061 1378 1134 1

231 1141 282 1202 est
307 1133 340 1194 in
363 1129 510 1194 tum-ulos
539 1127 689 1215 piandos.
731 1125 795 1190 Pro
823 1134 883 1191 ert.
908 1130 946 1204 4,
961 1132 1004 1210 6,
1025 1129 1078 1193 55.
1096 1131 1288 1214 pharetrae
1377 1139 1378 1198 ἒ

162 1217 163 1222 ’
226 1215 366 1316 pondus
383 1214 549 1280 consumit
563 1214 601 1277 in
617 1235 729 1276 arcus.
774 1150 883 1276 riitno
908 1234 996 1278 nunc
1014 1235 1088 1276 cum
1112 1217 1286 1282 Gronovio

232 1302 392 1386 intelliget
406 1299 612 1386 imponendo
634 1299 668 1361 in
693 1320 806 1378 arcus,
828 1298 884 1362 sed
909 1299 1115 1386 comparabit
1133 1325 1288 1388 graecum

233 1385 403 1454 ἀναλίσκειν
419 1389 463 1462 εἴς
479 1409 517 1448 τι.
559 1383 778 1450 Marklandus
796 1396 931 1448 revocat
953 1387 992 1448 ad
1016 1386 1137 1451 Lucan.
1156 1392 1288 1470 0,160.

233 1495 332 1538 socer
348 1472 387 1536 in
410 1471 533 1557 Magni
555 1471 683 1534 cineres
707 1468 917 1534 mactabitur
934 1471 1032 1556 Apis.
1064 1471 1155 1557 quod
1182 1485 1231 1538 est
1255 1475 1289 1538 in

234 1559 398 1624 honorem
424 1557 555 1643 Magni,
587 1555 759 1619 cineribus.
789 1556 855 1621 vid.
878 1577 913 1621 11.
931 1561 984 1620 26.
1029 1557 1204 1623 80510010
1228 1561 1289 1630 111-
1319 1624 1323 1630 ,

92 1683 98 1700 -
161 1652 167 1672 ’·
236 1645 370 1709 buimus
388 1641 627 1729 praepositioni
642 1641 911 1728 significationem
935 1643 1291 1710 motusdeorsumia-
1375 1659 1376 1666 ’

236 1733 300 1811 011,
323 1751 421 1814 quem
443 1726 1051 1813 001100010101111111111(1010001510.
1096 1731 1150 1794 Sio
1167 1729 1290 1796 cadere

235 1816 274 1882 iu
304 1813 455 1902 aliquid,
491 1811 685 1878 'incumbere
712 1813 750 1876 in
780 1812 940 1899 aliquem.
986 1813 1211 1882 ‘Restituenda
1244 1827 1290 1881 001

180 1961 183 1964 ,
236 1902 445 1991 optimorum
462 1899 624 1963 librorum
639 1897 798 1984 scriptura
815 1899 849 1962 in
866 1898 948 1962 Livii
964 1905 1015 1979 21,
1031 1903 1084 1982 35,
1104 1909 1155 1967 12.
1180 1904 1291 1966 omnis

228 1987 345 2079 ferme
365 1987 420 2050 aia
430 1987 601 2072 praeceps
610 2031 626 2061 ‚„
642 1995 813 2070 angusto,
835 1982 1078 2065 inmisceret,
1100 1999 1198 2052 ut-
1227 1989 1293 2053 alii

235 2095 338 2159 super
353 2071 440 2138 alios
460 2083 493 2136 et
517 2071 671 2135 iumenta
693 2071 731 2134 in
751 2071 903 2136 homiues
926 2071 1130 2137 occiderent.
1173 2075 1291 2138 Poetae

236 2155 442 2222 transferunt
458 2168 588 2221 motum
606 2157 645 2220 ad
663 2157 888 2221 conditionem
908 2157 959 2222 vel
984 2169 1106 2223 statum
1132 2181 1172 2222 ex
1195 2173 1291 2224 mota
1377 2169 1378 2196 ³

232 2244 429 2325 oriundum.
474 2244 627 2330 Propert.
647 2241 685 2322 0,
704 2245 744 2322 5,
761 2247 812 2306 47.
839 2243 871 2306 si
890 2243 1004 2330 pulset
1027 2245 1144 2309 inanis
1169 2245 1290 2310 surdus

238 2331 277 2396 in
292 2327 475 2393 obductam
491 2329 636 2394 somniet
650 2349 751 2415 usque
766 2351 890 2392 seram.
934 2329 1011 2393 Non
1033 2341 1079 2394 est
1096 2330 1137 2395 de
1155 2340 1290 2420 tempo-

236 2439 275 2482 re
301 2407 546 2501 accipiendum,
579 2415 636 2481 sed
663 2437 763 2502 usque
788 2413 949 2501 significat
978 2427 1177 2503 1101110100,Ι
1200 2429 1234 2482 01
1256 2419 1291 2484 iu
1324 2470 1327 2475 .
1377 2459 1378 2496 1

237 2501 566 2574 obductomseram,
591 2499 736 2586 intellige
754 2500 974 2572 inclinatum.
1002 2497 1084 2566 Stat.
1107 2503 1186 2568 Silv.
1212 2505 1246 2586 5,
1261 2509 1290 2579 3,
1377 2547 1378 2550 =

211 2659 213 2664 Α
236 2592 289 2652 67.
310 2585 544 2672 obstantesque
559 2584 899 2674 munusturbumque
924 2598 1092 2666 tenentem
1108 2588 1232 2670 uincit,
1257 2591 1292 2654 iu

238 2671 435 2746 ardentem,
457 2671 580 2752 liceat,
601 2669 775 2740 moritura
792 2672 971 2737 maritum.
1000 2674 1024 2738 i.
1048 2696 1078 2740 e.
1094 2695 1143 2738 ·se
1172 2677 1292 2741 iactura

236 2756 452 2821 inmeritum.

305 2875 430 3013 8Vpler.
455 2875 549 2930 Flacc.
574 2873 606 2940 1,
631 2873 692 2928 132.
730 2873 779 2928 tua
805 2875 876 2931 sedet
903 2878 1013 2956 directa!
1027 2877 1054 2931 111
1076 2875 1182 2934 lamina
1207 2880 1290 2949 pulta.
1377 2869 1378 2900 t

220 3019 222 3028 ¹
331 2997 339 3025 ,
375 2959 418 3012 01.

320 3076 352 3137 8.
377 3069 556 3158 Muitiplex
579 3079 628 3134 est
652 3090 847 3158 ueuS‚·qu0
873 3070 971 3136 verba
993 3069 1178 3156 inferendi,
1211 3075 1290 3139 mit-

205 3171 207 3182 '
236 3155 348 3236 tendi,
378 3157 548 3236 tradendi,
577 3155 774 3242 reeipiendi,
812 3157 1001 3243 accipiendi
1017 3169 1049 3222 et
1079 3161 1224 3246 proprio
1262 3169 1291 3224 et

236 3241 467 3328 metaphorica
485 3263 581 3305 sensu
600 3263 675 3306 eum
698 3243 944 3330 praepositione
968 3243 1006 3308 iu
1030 3257 1291 3330 componuntnr,

135 3380 141 3394 .
237 3349 299 3390 nec
318 3349 436 3412 operae
452 3328 598 3411 pretium
618 3327 747 3391 videtur
769 3327 968 3392 confirmare
990 3351 1065 3394 eum
1091 3332 1207 3396 multis
1233 3354 1291 3396 ex·

238 3413 367 3501 emplis.
414 3411 497 3475 Satis
516 3411 582 3494 xerit
606 3434 887 3478 commemorasse
913 3414 1094 3502 insigniora
1118 3418 1290 3503 quaedam.

237 3497 289 3562 Ex
306 3498 344 3562 iis
363 3495 543 3582 nonnulla,
565 3519 648 3582 quae
666 3521 740 3565 cum
757 3501 1004 3586 praepositione
1020 3501 1070 3564 ad
1093 3515 1290 3568 construun-

169 3645 173 3650 .
237 3589 314 3658 mr,
339 3583 396 3646 ubi
421 3582 545 3647 accedit
569 3583 664 3646 notio
688 3586 936 3665 insinuationis,
957 3598 1130 3650 assumunt
1151 3589 1209 3652 in.-
1235 3589 1289 3654 alia

144 3701 151 3716 =
239 3668 336 3734 etiem
354 3691 423 3733 11011
441 3668 636 3732 adhaerente
659 3668 714 3733 illa
731 3675 886 3748 notione,
907 3671 1008 3736 veluti
1028 3674 1289 3739 accommodare

238 3755 276 3819 in
291 3753 435 3840 aliquid.
480 3753 623 3819 Plurima
641 3751 805 3821 actionem
829 3755 1033 3844 significant,
1055 3780 1120 3845 qua
1140 3759 1288 3836 efficitur,

235 3851 274 3910 ut
291 3839 414 3924 aliquid
442 3839 484 3904 sit
505 3839 672 3926 ineliquo
694 3841 788 3906 loeo:
820 3842 925 3908 multe
953 3851 1066 3908 autem
1087 3853 1213 3910 statum
1243 3845 1289 3914 vel

237 3923 482 4010 conditionem,
504 3947 603 4012 quam
620 3925 692 4011 quis
708 3927 807 3993 subit.

341 4043 400 4098 cu.
415 4043 449 4097 de
469 4043 545 4098 Oret.
562 4045 596 4112 2,
609 4044 661 4110 70,
675 4045 736 4100 su.
759 4049 843 4101 estid
865 4049 969 4118 quidem
992 4048 1021 4100 111
1044 4053 1129 4104 totam
1148 4049 1288 4106 orationem

183 4149 193 4156 ·
300 4129 524 4200 confundendam,
540 4149 587 4186 neo
600 4132 707 4186 minime
720 4133 755 4212 1111
762 4128 912 4204 extremam.
