2680 4746
459 263 583 333 mes.
623 263 767 344 uoco,
997 351 999 355 ⁸
1070 263 1134 340 ,aar

164 453 167 460 -
192 415 351 485 ruente
368 433 397 472 n·
412 413 456 486 14,
472 415 500 482 8,
514 415 542 470 δ.
558 433 625 486 enee
643 416 784 488 (vaniter)
797 423 860 472 acto
872 417 937 474 seire
950 418 978 474 ie
991 420 1113 486 iilefuit.

192 519 249 588 cte,
263 521 343 589 llere,
357 519 383 584 ²,
397 515 442 584 85,
453 516 497 570 87.
513 518 615 588 capelia
628 521 755 588 queedcsr
773 524 811 574 cc
828 536 861 573 ee
875 519 977 589 quidem
996 524 1078 590 estre,
1097 533 1141 581 et¹

158 605 239 658 etium
253 602 582 672 commendatiorem
603 619 688 655 reum
709 617 812 676 mmor,
832 601 974 674 intelligere
993 609 1130 676 possmus,
1246 625 1250 652 t

158 688 220 740 reite
228 691 309 749 sacto
324 691 349 728 οὐ
365 691 487 756 Μαι..
509 683 570 739 Non
589 691 655 753 puto
673 685 834 738 Ciceronem
855 683 955 742 dixisse
976 689 1041 743 mire
1058 693 1128 758 reite,

159 757 207 814 eod
222 757 287 812 mire
301 752 401 812 retent
416 753 498 809 debet
511 754 546 808 ed
558 765 671 809 verente
678 765 767 826 jectu·
790 779 794 788 ,

436 1049 439 1062 ἃ
483 956 722 1048 MODO.

172 1125 428 1205 Particularu'm,
450 1145 532 1210 quae
547 1123 740 1213 notionibus
762 1135 818 1190 aut
840 1125 964 1192 iudiciis
983 1127 1031 1193 sin
1057 1129 1128 1196 ula-

84 1231 162 1276 rem
186 1235 224 1276 ee
239 1209 406 1274 delinitam
430 1209 592 1275 rationem
615 1209 807 1296 iniungant,
826 1211 1005 1278 nonnullae
1025 1151 1129 1282 lictae
1184 1240 1186 1244 ⁴

87 1305 207 1360 eunte
229 1295 458 1369 substantivis,
491 1314 636 1380 quorum
659 1293 851 1380 significatio
870 1299 904 1362 in
928 1318 988 1362 usu
1011 1299 1129 1364 adver·

60 1377 221 1472 'biorum
239 1401 310 1442 non
332 1389 402 1441 tam
417 1379 487 1464 ipsa
509 1389 655 1456 tenetur,
678 1401 776 1463 quam
799 1379 851 1459 id,
876 1382 964 1468 quod
988 1383 1022 1446 in
1045 1403 1128 1447 con·

84 1461 266 1526 stituendas
291 1462 443 1532 notiones
467 1461 544 1526 inde
560 1462 738 1530 redundet.
790 1465 860 1529 Hoc
884 1476 992 1530 autem
1018 1489 1058 1532 eo
1079 1466 1128 1552 fir,

87 1547 182 1632 quod
198 1547 278 1612 haec
297 1546 450 1612 vocabula
467 1555 574 1632 partes
585 1557 662 1610 sunt
675 1549 853 1614 sententiae
868 1571 937 1615 non
954 1553 1055 1637 plene
1066 1573 1128 1616 ex-

85 1653 231 1720 pressae.
263 1634 313 1695 'At
338 1653 378 1694 ue
393 1629 428 1694 id
445 1639 554 1718 potest
578 1633 732 1718 exemplo
756 1635 934 1718 particulae
948 1636 1049 1700 modo
1066 1637 1127 1702 dc-

85 1715 278 1783 monstrari.
316 1655 422 1781 laceto
438 1715 525 1780 enirn
542 1714 699 1782 ablativus
714 1727 764 1780 est
779 1719 922 1783 nominis
936 1721 1072 1800 modus,
1095 1732 1128 1787 et

84 1799 245 1887 significat
267 1801 305 1864 in
328 1799 448 1879 modo,
470 1821 545 1863 cum
566 1799 680 1864 modo.
724 1803 889 1867 Sententia
911 1801 967 1869 fit:
992 1816 1030 1870 ut
1052 1828 1128 1870 cum

85 1883 190 1950 medo
211 1886 377 1972 cogitem,
404 1885 470 1948 sive
494 1883 628 1948 dicam:
654 1907 694 1948 ex
719 1907 782 1972 qua
802 1908 906 1954 unum
931 1889 1127 1956 vocabulum

84 1969 281 2058 primarium
297 1970 456 2032 retinetur
472 1968 512 2031 ad
528 1970 690 2036 notiones
700 1969 971 2038 determinandae.
1013 1973 1061 2040 lta
1086 1997 1128 2040 ne

87 2053 277 2125 adverbium
308 2052 483 2129 habemus,
510 2053 608 2116 etiam
638 2065 760 2120 mutata
789 2067 954 2122 extremae
984 1998 1128 2145 sylleisae

85 2160 240 2204 mensura
259 2138 441 2222 signatum,
463 2135 553 2217 quod
576 2145 679 2221 quum
700 2141 736 2202 in
760 2141 969 2206 moderandis
993 2153 1127 2210 senten-

84 2224 141 2290 tiis
156 2245 226 2288 non
240 2243 306 2287 uno
324 2219 426 2286 modo
451 2217 660 2300 adhibeatur,
680 2243 751 2286 non
767 2243 835 2286 uno
853 2225 1010 2290 vocabulo
1032 2228 1127 2295 reddi
1243 2227 1249 2232 ’

84 2317 206 2408 potest,
221 2329 280 2372 nec
289 2310 324 2372 in
334 2305 403 2371 aliis
411 2305 529 2392 linguis
539 2304 723 2371 invenimus
733 2328 868 2388 nomen,
884 2309 976 2396 quod
991 2333 1127 2380 omnem
1195 2360 1198 2369 1

85 2393 188 2484 ipsius
212 2413 307 2458 usum
324 2389 570 2479 complectatur.

186 2500 348 2565 Perizonius
362 2509 397 2562 nd
413 2505 519 2562 Sanctii
533 2506 633 2560 Miner.
650 2504 718 2574 22.
735 2506 906 2576 existimans,
924 2507 1058 2566 rationem
1079 2515 1144 2570 ed·-

154 2593 244 2650 verbii
259 2595 334 2648 mede
350 2591 484 2662 explicari
502 2591 604 2644 debere
620 2589 729 2659 nemine
745 2591 780 2644 ed
794 2587 898 2663 ellipiie
912 2596 1129 2662 supplementum
1169 2621 1171 2626 ·

153 2678 351 2749 intelligendo,
368 2677 397 2732 in
414 2675 613 2747 significatione
634 2675 764 2745 temperis
785 2675 947 2734 renitentium
964 2697 1024 2734 erse
1045 2682 1129 2748 dicite

153 2761 201 2816 bec
218 2763 339 2833 emporis
351 2761 427 2815 made
443 2779 490 2818 rea
506 2768 650 2825 mauretus
675 2759 724 2814 nbi
749 2747 804 2828 ρκ’
818 2750 901 2816 eitun
919 2771 1049 2832 permar,
1066 2783 1129 2822 erue

152 2846 243 2914 croci·
256 2847 340 2900 mode.
373 2845 498 2900 Benernr
512 2851 604 2900 enum
618 2843 764 2912 desperent
779 2848 1026 2916 renumerata,
1045 2867 1128 2920 qun

152 2927 251 2981 leben
265 2927 434 2982 comminisci
447 2927 553 2982 munte.
571 2963 579 2972 .

167 3075 272 3147 Modo
287 3075 388 3168 igitur
402 3078 452 3145 vel
472 3099 544 3146 rens
561 3077 611 3145 vel
629 3075 800 3146 notionem
825 3087 858 3144 et
874 3077 1068 3144 sententiam
1086 3079 1128 3146 ad

85 3160 225 3229 modum
250 3173 283 3230 et
314 3163 355 3228 ad
377 3166 565 3230 terminum'
590 3169 743 3244 revocat,
766 3172 810 3228 ,et
838 3162 961 3263 duplici
993 3162 1127 3250 quidem
1243 3218 1245 3226 ,

84 3249 214 3315 ratione
238 3249 418 3315 constituit.
460 3249 609 3316 Primum
636 3247 724 3312 enim
744 3249 930 3348 restringit,
953 3245 1034 3312 dum
1053 3270 1127 3316 rem

86 3331 219 3398 cohibet
235 3345 268 3398 et
282 3335 323 3399 ab
339 3334 409 3400 aliis
425 3334 561 3400 secludit
577 3333 639 3406 ita,
661 3341 717 3411 ut,
761 3353 839 3398 aum
863 3355 899 3398 m
913 3331 1008 3397 modi
1028 3333 1127 3400 adhi-

1 3461 3 3482 ,
87 3415 338 3510 bendinotione
360 3420 541 3508 cogitemus
564 3441 633 3483 nou
657 3354 760 3481 aliud
780 3439 901 3504 quam,
924 3437 994 3482 non
1009 3437 1068 3482 mc
1103 3419 1127 3484 'e

1 3539 24 3564 .·
130 3523 208 3580 cm,
232 3502 422 3569 accedamus
439 3506 480 3570 ad
496 3513 649 3582 tentum,
668 3500 761 3602 quod
776 3503 889 3601 ipsum
907 3523 925 3568 a
942 3500 1043 3567 modo
1058 3442 1127 3569 ‹iii-

1 3611 3 3674 ᾗ
103 3597 169 3653 ests
199 3609 278 3654 nam
302 3599 437 3653 tantum
457 3598 553 3654 notat
579 3601 758 3673 terminum
780 3609 906 3675 mapsa
927 3609 964 3654 re
989 3589 1127 3676 conspi-

87 3691 206 3752 cuum,
228 3673 329 3738 mode
344 3683 452 3738 autem
472 3673 593 3761 pendet
611 3672 866 3760 excogitatione
884 3673 1057 3758 loquentis.
1086 3671 1127 3739 ln

0 3824 1 3835 ,
87 3755 304 3843 multisidem
319 3769 368 3823 cst
383 3758 473 3846 quod
491 3756 688 3822 admodum.
728 3756 855 3821 Deinde
869 3755 950 3821 hece
969 3756 1126 3834 determi-

87 3841 189 3909 nandi
203 3843 251 3906 vis
268 3843 384 3907 transit
400 3845 435 3908 in
449 3843 759 3912 demonstrativam,
780 3851 813 3906 et
831 3841 887 3906 ubi
902 3840 1024 3927 aliquid
1040 3843 1127 3906 intra

1 3967 4 4016 ,
88 3947 183 3994 suum
206 3928 346 3992 modurn
369 3928 572 4006 continetur,
593 3927 606 3992 i
630 3947 704 3992 sum
726 3925 937 4013 ,distinguitur
959 3935 991 3990 et
1015 3936 1126 3990 exacte

0 4074 1 4091 ,
92 4009 263 4088 definitum
297 4011 398 4081 veluti
421 4035 509 4098 ¹crusec
530 4035 587 4079 mo
613 4032 652 4096 0,
682 4009 793 4160 mcci&
806 4009 948 4142 egenique
977 4009 1126 4078 dicimus.
1177 4093 1183 4103 .
1244 4050 1247 4056 ·
