2812 4732
523 241 674 310 urrnn.
789 196 792 213 ’
1061 245 1127 310 sor
1160 211 1162 217 ’

141 399 175 466 4,
190 396 233 453 50.
257 395 374 452 iuuentus
390 396 502 451 Tarsam
522 398 587 450 inter
607 405 634 452 ct
651 397 767 451 Turesim
782 395 985 450 distrahebatur.
1017 397 1068 464 12,
1084 397 1128 452 32.
1174 428 1176 432 >

25 521 27 530 ι
79 552 81 555 .
145 486 239 540 bellurn
257 485 324 555 inter
334 470 362 536 et
375 500 469 552 pacem
483 483 648 546 dubitabant.
683 482 756 535 fltst.
772 480 853 546 nlo.
872 482 901 533 in
915 481 1018 534 civitate
1032 469 1130 536 discor-

144 573 174 625 di
189 577 215 623 et
231 571 261 622 oi
274 568 377 622 crebras
389 568 535 638 principum
545 570 699 621 mutationes
714 569 777 620 inter
791 567 939 619 libertatem
953 584 985 619 aa
998 567 1129 620 licentiam

143 657 242 709 incerta
258 671 360 724 parvae
379 671 477 721 quaem
495 669 536 704 rcs
554 655 662 724 magnis
682 653 794 705 motibus
817 653 975 721 agebantur.
1009 651 1085 706 Curta
1101 650 1129 716 7,

144 741 171 807 1,
186 739 230 794 33.
246 755 338 809 anceps
350 738 417 790 eninr
434 738 529 790 crimen
542 745 581 790 cst
596 737 831 790 iaterrctinentem
844 743 869 790 ct
883 737 1036 806 erigentem.

161 897 215 957 28.
239 888 439 965 Pronomina
457 887 652 989 ‘personalia
684 911 760 954 cum
794 886 857 954 hnc
887 891 1132 978 praepositione

70 975 207 1060 iuncta,
231 978 419 1051 internos,
450 987 640 1057 intereos,
663 976 829 1056 interce,
852 976 1016 1040 notionem
1043 978 1132 1059 indi·
1198 1056 1199 1059 *
1254 955 1263 970 ’

14 1080 17 1085 ·
74 1075 156 1127 cant
173 1064 362 1127 conclusam
387 1073 485 1148 atque
508 1061 548 1124 nd
572 1062 655 1126 duos
678 1072 806 1128 tanturn
831 1061 985 1126 homines
1012 1063 1132 1128 duasve
1174 1107 1176 1118 ·

73 1170 133 1214 res
159 1150 380 1237 pertinentem
403 1149 466 1221 ita,
495 1158 532 1210 ut
553 1147 668 1212 mn'tna
693 1149 735 1212 sit
755 1158 786 1211 et
808 1147 848 1210 ab
874 1159 1011 1234 utraque
1037 1160 1132 1234 parte

73 1246 180 1322 gesta.
229 1234 269 1298 ld
294 1235 411 1297 Graeci
436 1231 539 1301 verbo
567 1230 721 1315 itiitere,
746 1229 893 1314 ἀλλήλους
925 1236 1156 1322 exprimunt,¹

72 1343 141 1386 nos
177 1343 255 1385 vero
287 1319 421 1384 Latinos
452 1319 617 1385 imitantes
649 1332 748 1384 anter
779 1319 958 1384 einander.
1026 1321 1132 1408 Saepe
1194 1335 1196 1337 ’

73 1407 175 1470 etiam
193 1406 257 1472 hoe
270 1405 373 1470 modo
392 1407 583 1470 communio
603 1405 810 1490 retegendas
822 1405 1014 1493 simpliciter
1027 1407 1133 1492 signi-

73 1491 212 1577 ficatura
243 1513 342 1576 saepe
367 1503 586 1580 opponuntur
609 1492 649 1569 ii,
672 1493 857 1577 quirextra.
903 1493 1006 1555 Latini
1032 1494 1132 1578 igitur

74 1588 204 1644 veteres
224 1578 373 1642 dicebant
393 1579 513 1642 timere
531 1577 622 1642 inter
644 1599 697 1656 se,
718 1577 807 1663 quod
829 1575 917 1662 apud
937 1579 1132 1664 posterioris
1171 1647 1174 1655 ,

73 1665 146 1728 aevi
177 1665 355 1750 scriptores
383 1664 527 1735 invicem
558 1664 679 1728 timere
713 1662 912 1727 audiebatur.
954 1664 1028 1728 vide
1054 1667 1133 1728 Ant.

75 1750 199 1814 Schori
216 1751 329 1814 Phras.
347 1749 400 1814 lat.
421 1751 498 1835 ling.
522 1771 553 1835 p.
571 1749 647 1812 440.
692 1749 907 1812 Grammatioi
924 1759 1052 1829 autem,
1076 1751 1132 1836 qui
1150 1788 1153 1795 ,

74 1836 234 1914 tradunt,
256 1837 289 1898 in
306 1834 356 1897 his
381 1837 488 1899 omitti
514 1834 601 1898 eliud
624 1856 831 1922 pronomen,
854 1845 886 1898 et
910 1834 1000 1898 inter
1022 1857 1057 1899 se
1083 1836 1135 1899 tt-

76 1943 172 1986 mere
207 1921 286 2006 poni
315 1942 378 2005 pro
411 1943 447 1983 se
476 1920 566 1984 inter
596 1942 631 1984 se
664 1922 802 1991 timere,
833 1920 1045 1984 vehementer
1077 1943 1132 1984 er-

75 2015 166 2071 rant.
211 2003 375 2071 Oohsn'eri
398 2005 512 2091 Eciog.
538 2006 605 2070 Cic.
629 2028 660 2094 p.
678 2012 753 2071 237.
780 2011 886 2086 (190.)
916 2005 1076 2070 Bremiusv
1091 2006 1133 2070 ad

51 2139 55 2146 .
80 2090 218 2154 Cornel.
241 2091 341 2154 Dion.
367 2091 445 2165 4,1.
469 2092 630 2154 Goerenz.
655 2092 695 2155 ad
721 2093 787 2155 Cic.
811 2091 859 2156 de*
874 2091 944 2156 Fin.
963 2099 994 2168 3,
1011 2098 1064 2170 20,
1082 2096 1133 2157 66.

79 2177 215 2262 Zumpt.
233 2175 265 2238 in
285 2177 467 2240 Granrmat.
486 2197 519 2238 n.
531 2181 604 2240 300.
626 2187 657 2239 et
673 2187 749 2263 post
765 2199 819 2240 eos
836 2177 932 2242 multi
950 2179 1014 2242 aiii.
1062 2179 1138 2241 Ta-

75 2285 156 2328 men
174 2260 424 2349 ipseErnestius
437 2260 522 2339 hanc
539 2264 734 2325 sententiam
753 2263 924 2347 ampiexus
940 2275 988 2328 est
1004 2263 1043 2328 ad
1063 2258 1132 2328 Cic.
1157 2290 1159 2293 ¹
1234 2322 1236 2326 ,

79 2348 122 2412 de
141 2348 245 2410 Amic.
262 2353 314 2428 22,
336 2350 388 2410 82.
434 2347 465 2410 T
466 2347 514 2410 ria
533 2369 654 2434 genera
671 2346 775 2410 'huius
801 2349 954 2411 dictionis
979 2359 1055 2412 sunt
1080 2349 1133 2413 di·

79 2434 289 2518 stinguenda.
334 2433 482 2496 Primum
500 2435 587 2496 enim
602 2433 708 2496 Latini
725 2442 872 2496 mutuam
893 2435 1055 2498 actionem
1072 2456 1134 2498 ex·

13 2538 14 2541 ’
79 2520 235 2607 primunt
252 2518 360 2583 verbis
378 2519 469 2583 inter
486 2541 567 2598 nos,
593 2519 684 2584 inter
706 2541 761 2599 sen:
778 2519 879 2583 vetuti
898 2531 1020 2584 amant
1044 2521 1135 2584 inter
1181 2523 1185 2529 “

83 2629 121 2670 se
146 2608 168 2670 i.
187 2627 214 2669 e.
234 2605 316 2668 alter
342 2604 494 2668 alterum.
544 2604 660 2691 Neque
684 2603 928 2680 diversa-sunt,
951 2606 990 2669 'in
1015 2605 1134 2691 quibus

79 2691 266 2779 pleonasmi
281 2691 384 2753 instar
399 2693 572 2790 utriusque
589 2690 691 2778 partis
709 2713 833 2754 nomen
847 2694 1049 2779 ‘apponiturz
1071 2713 1133 2755 nos

82 2778 174 2840 inter
198 2798 259 2840 nos
284 2777 461 2862 complexi
479 2800 601 2840 sumus.
647 2777 715 2840 Neo
739 2777 993 2860 ea,.m'quibus
1020 2800 1134 2864 oppo-
1238 2843 1241 2847 ,
1294 2794 1301 2815 .

82 2873 212 2926 uantur
240 2871 331 2924 extra
357 2863 481 2946 posita,
504 2863 603 2927 vetuti
627 2862 718 2926 inter
742 2885 778 2925 se
801 2862 930 2926 similes
953 2864 1038 2949 apud
1066 2863 1134 2926 Cic.
1223 2909 1225 2911 -
1305 2894 1308 2901 Δ

82 2948 182 3012 Acad.
200 2953 230 3024 2,
257 2951 306 3019 17,
324 2950 377 3026 55.
403 2947 493 3031 quod
518 2959 584 3026 est,
607 2947 693 3030 inter
716 2968 751 3010 se
774 2948 970 3034 comparati.
1009 2948 1136 3013 Deinde

80 3035 187 3100 verba
207 3031 279 3096 sibi·
286 3053 472 3117 pronomen
490 3033 534 3096 ita
559 3031 757 3118 adiungunt,
780 3042 814 3100 ut
832 3053 896 3094 una
915 3033 1050 3116 exsistat
1071 3055 1135 3096 no-

79 3122 151 3199 tia,
184 3140 266 3204 quae
293 3117 390 3180 etiam
417 3118 456 3180 ud
481 3140 555 3182 rem
580 3127 670 3181 extra
696 3117 840 3204 positam
863 3118 976 3204 ‘possit
1004 3117 1134 3196 referri,
1164 3192 1165 3195 Ἴ

81 3201 365 3294 quemadmodum
393 3202 427 3266 in
454 3203 561 3267 verbis
585 3225 639 3268 res
659 3203 749 3268 inter
770 3226 806 3266 se
829 3203 1003 3268 conciliat*
1018 3203 1135 3268 referi·
1219 3244 1222 3251 ,

19 3356 21 3358 ,
80 3290 406 3356 musintersenon.
429 3289 582 3367 adeum,
607 3289 843 3375 quiconcitiat.
885 3289 1036 3376 Denique
1052 3312 1132 3355 vero
1164 3325 1166 3331 ·
1208 3331 1211 3342 ι

81 3375 194 3442 Latini
211 3385 246 3438 ut
264 3374 375 3438 dicunt
391 3375 543 3440 novimus
558 3398 630 3458 nos,
649 3375 740 3462 quod
758 3375 900 3439 estuari
916 3386 949 3440 te
966 3388 1053 3441 etta
1071 3399 1136 3441 no-
1164 3422 1165 3425 κ

84 3461 254 3537 victime,
276 3459 322 3523 sic
346 3461 444 3524 etiam
469 3461 621 3526 novimus
643 3483 704 3525 nas
729 3460 819 3526 inter
851 3483 931 3525 nos.-
963 3483 1135 3548 nunquam
1185 3509 1197 3538 „

83 3559 194 3614 tamen
213 3559 376 3612 noverunt
389 3570 442 3624 se,
464 3548 527 3612 nisi
544 3547 731 3631 intelligunt
745 3545 875 3611 novisse
890 3569 923 3611 se
943 3547 1052 3634 ipsos,
1072 3569 1135 3610 ne·

85 3657 151 3721 que
169 3634 266 3698 etiam
288 3644 451 3697 noverunt
476 3656 512 3698 se
540 3632 629 3698 inter
653 3655 696 3698 se.
740 3632 825 3696 Nam
850 3631 906 3718 qni
931 3633 1135 3698 Graecorum

84 3717 375 3796 consuetudinem,
398 3740 461 3804 qua
477 3720 594 3782 ἓαυταῖν
610 3735 673 3805 pro
697 3713 832 3798 ἆλλήλων
850 3719 1033 3805 ponebatur
1052 3717 1134 3798 (vid.
1180 3794 1181 3798 Ἰ
1229 3792 1236 3800 ,

84 3804 242 3870 Matthiae
260 3806 373 3868 Gram.
398 3827 431 3890 p.
450 3808 558 3884 920),
580 3803 864 3881 imitatus'fnerit,
886 3804 1053 3870 neminem
1073 3804 1135 3868 bo-

85 3913 209 3956 norum
230 3891 431 3975 scriptorum
456 3890 606 3975 cognovi.
649 3890 803 3954 Ceterum
828 3889 919 3955 inter
940 3913 1021 3968 nos,
1043 3889 1155 3956 inter.
1215 3939 1218 3948 .

85 3999 121 4041 se
142 3998 213 4041 non
239 3984 367 4040 tantum
393 3996 470 4039 cum
493 3975 599 4042 verbis
628 3975 761 4125 passivis
786 3985 1057 4062 componuntur,
1078 3973 1134 4038 sed
1242 3978 1245 3983 ’

86 4064 276 4128 etiamnum
296 4061 408 4130 activis
431 4072 464 4128 et
486 4083 563 4126 cnm
588 4082 626 4127 su
651 4059 799 4129 stantivis
822 4060 1015 4145 nominibus
1040 4059 1135 4125 attri-
