2730 4720
492 360 494 365 .
514 331 517 338 r
581 297 686 365 .1au1.-
1038 363 1041 374 .
1090 310 1148 375 125

182 469 259 522 quom
272 453 336 505 icccc
347 449 438 522 pulcra
450 455 541 521 putet,
557 450 610 517 ipsc
623 452 675 502 iam
688 449 761 504 dicet.
796 469 822 520 p.
845 451 937 504 Flecc.
954 453 996 519 23,
1014 453 1056 509 56.
1080 458 1149 512 imm

183 543 224 601 tc,
243 537 341 604 inquit,
359 553 448 604 cupere
464 553 516 586 oon
532 533 615 586 licuit.
648 535 703 586 iam
717 535 744 586 it
765 537 865 588 nideror
887 539 931 592 cod
950 542 1062 608 primum
1083 528 1150 596 ittcd

116 659 119 690 ,
184 623 281 674 teneto.
315 618 374 672 Liv.
387 621 415 683 2,
431 617 476 682 26,
494 617 536 670 11.
554 619 683 688 agedum,
700 619 796 685 iuquit,
813 623 978 687 dictatam,
996 643 1013 676 c
1028 643 1076 693 quo
1088 646 1149 696 pro-

184 706 283 758 vocatio
296 723 347 756 ooo
361 711 414 766 cot,
433 719 552 754 creemur.
584 703 641 754 Icm
655 705 713 764 tic,
729 721 777 770 quo
790 724 857 758 nunc
867 709 953 760 omnic
968 709 1070 775 cedent,
1088 727 1149 764 eca-

181 791 279 842 ticcscct
292 794 382 856 soror.
415 786 591 852 opponuntur
604 790 656 840 inm
671 793 699 840 ct
713 807 780 840 nunc
800 790 872 857 apud
894 790 1054 844 Ciceronem
1074 795 1149 850 Oret.

182 873 224 940 66,
241 873 302 926 212.
318 867 382 924 ride
400 887 425 937 p.
441 869 499 921 114„
516 870 574 924 Liv.
589 871 615 936 6,
631 872 673 936 36,
689 873 715 926 6.
733 888 806 926 omne
823 875 883 927 inde
899 883 999 944 tempus
1020 894 1150 945 supensos

166 957 218 1011 ‘itu
234 960 315 1010 tenuit
331 956 429 1012 animas
444 973 521 1024 noque
536 957 572 1007 cd
587 957 667 1010 lucem
688 961 818 1021 atteram,
834 967 862 1011 nt
882 961 1030 1012 idemtidem
1049 961 1102 1012 iam
1123 962 1150 1012 in

178 1033 270 1095 orte'm'
279 1045 390 1108 secturus
405 1041 534 1092 videretur
553 1041 660 1108 impetur
674 1043 764 1112 tprimc
779 1044 907 1108 adventu,
928 1061 977 1111 quc
992 1049 1151 1099 accesserant

179 1127 218 1178 cd
233 1127 331 1185 ortem.

108 1283 116 1298 ‘
198 1265 249 1324 19·
271 1257 397 1324 Deinde
412 1260 531 1324 dicitur
554 1258 593 1322 de
616 1282 652 1328 rc
672 1285 732 1328 suo
756 1273 906 1347 tempore
927 1261 1016 1324 'certe
1038 1257 1149 1324 futura

109 1344 254 1432 ideoque
283 1345 484 1408 confidenter
507 1358 691 1430 exspectata
716 1349 764 1414 vel
787 1345 1013 1432 exspectanda.
1056 1346 1150 1409 Con·
1183 1365 1216 1390 ··

109 1429 253 1494 firmatio
276 1433 365 1492 enim
393 1431 522 1494 additur
544 1433 601 1494 rei.
645 1433 933 1512 Quemadmodum
956 1431 1060 1494 nostri
1083 1429 1149 1494 ho·
1213 1465 1221 1478 ι

110 1516 216 1578 mines
233 1516 416 1602 loquuntur
429 1538 468 1579 er
482 1513 573 1579 wind
587 1519 688 1582 sciron
704 1517 890 1582 hommem·
908 1515 971 1579 Sed
997 1516 1148 1604 plerum·
1220 1579 1222 1592 ,

112 1622 175 1684 que
199 1601 234 1664 id
254 1603 511 1686 interpretamur
534 1621 595 1684 per
618 1625 713 1678 mcx,
743 1603 872 1668 atatim.
915 1601 988 1668 vide
1015 1599 1147 1665 Schwa-
1255 1603 1257 1609 ’

111 1683 202 1751 bium
222 1683 262 1748 ad
279 1685 415 1749 Phaedr.
434 1687 464 1762 5,
480 1691 510 1762 2,
528 1689 559 1748 6.
851 1713 860 1742 .

207 1805 305 1858 lieret.
321 1805 412 1858 Germ.
428 1805 454 1870 l,
469 1803 496 1867 4,
510 1804 552 1860 16,
581 1807 635 1858 iam
655 1813 680 1858 tc
695 1810 795 1874 premet
816 1822 874 1858 noc.
906 1801 1148 1868 Tibott.1,1‚t⁰.

177 1888 238 1941 iam
256 1891 341 1941 veniet
363 1891 472 1942 tenebris
500 1907 567 1942 mora
596 1891 722 1958 adoperta
751 1897 844 1958 caput,
869 1890 922 1940 inm
941 1889 1058 1956 subrepet
1079 1889 1148 1939 incre

176 1979 268 2035 odos,
283 1989 329 2023 occ
343 1989 432 2023 amore
445 1973 551 2024 dccetit.
584 1972 681 2040 virgil.
695 1973 762 2024 Aen.
776 1971 802 2038 4,
817 1969 877 2024 566.
894 1973 949 2025 iam
963 1989 1034 2024 mccc
1048 1971 1148 2024 turbari
1236 2041 1238 2050 x

179 2055 294 2106 trabibus
316 2071 453 2122 soccosque
484 2055 577 2107 videbis
601 2059 720 2110 collucere
741 2061 832 2126 sacco,
865 2058 918 2108 iam
939 2062 1041 2124 feruere
1069 2057 1147 2108 litora

172 2138 301 2212 flqmmic.
325 2135 351 2201 6,
364 2135 425 2188 616.
443 2135 489 2190 icoc
503 2148 619 2206 προναία
632 2141 724 2209 iugum
738 2149 764 2192 ct
771 2143 852 2208 facili
865 2143 919 2194 iam
934 2141 1038 2192 tramite
1052 2141 1146 2190 sutum.
1164 2198 1172 2208 ⁶

182 2221 226 2304 tl,
244 2202 303 2272 idi.
319 2240 472 2292 pugnaeque
495 2225 601 2292 accingo
619 2225 745 2294 pedestris
761 2226 817 2276 iam
837 2243 938 2288 nosces,
954 2231 1055 2276 emtore
1072 2225 1147 2290 scrut

176 2305 223 2356 cui
233 2305 322 2373 gloria
335 2308 446 2360 tactem.

214 2404 311 2474 Vir-gil.
326 2408 393 2460 Aen.
408 2408 434 2471 6,
450 2407 492 2460 86.
512 2409 580 2460 utine
595 2408 673 2462 Latio
687 2407 742 2458 iam
756 2413 847 2474 portos
863 2391 982 2460 Acinilicc.
1000 2407 1048 2460 nbi
1063 2407 1147 2463 miror

179 2490 349 2559 Wagnerum
362 2493 510 2545 reddidisse
526 2493 601 2543 schoa
615 2492 707 2543 wieder
718 2491 760 2542 cin
776 2492 867 2542 Actitt

212 2573 356 2658 Titium,
370 2593 396 2658 5,
411 2593 453 2648 55.
473 2595 569 2662 cespite
583 2611 669 2658 conc,
689 2593 777 2657 tauri,
796 2593 826 2644 de
840 2600 931 2660 septem
949 2593 1075 2644 mentitus
1088 2593 1147 2645 hcr-

177 2678 237 2741 bus,
255 2679 316 2730 dom
339 2681 413 2731 licet:
438 2679 479 2730 tte
507 2695 619 2748 magicae
642 2680 695 2730 iam
716 2679 787 2730 iecur
808 2679 877 2728 ortis
899 2676 955 2730 crit.
973 2675 1057 2728 ‘stoc
1079 2675 1146 2730 silv.
1197 2709 1200 2722 ·

177 2761 204 2827 i,
220 2760 246 2826 3,
257 2760 305 2818 88.
322 2765 413 2816 cedant
429 2781 495 2832 punc
509 2771 534 2814 tc
548 2765 602 2813 iam
619 2764 710 2814 soldius
726 2763 801 2814 cretis
821 2762 895 2814 actio
914 2751 1029 2837 nimboso
1043 2778 1146 2813 reuoca-

175 2847 238 2898 boat
260 2848 340 2900 litora
363 2849 464 2900 trumo.
498 2847 615 2898 Phaedr.
638 2843 664 2910 5,
677 2846 703 2909 2,
718 2845 744 2897 6.
765 2845 820 2898 inm
842 2845 935 2896 corato
957 2845 1066 2906 sentiat,
1085 2863 1146 2912 quos

173 2933 318 2983 attentarit.
335 2931 355 2982 i.
368 2947 395 2982 e.
409 2931 454 2984 icti
467 2931 519 2982 citt
530 2931 579 2987 itm
596 2931 671 2982 sciton
683 2931 779 2996 satirico
800 2930 891 2980 lescen.
925 2929 1035 2980 Petron'.
1052 2927 1102 2991 16,
1117 2927 1145 2980 2.

141 3061 145 3066 .
175 3013 265 3082 operi,
282 3013 380 3082 inquito
403 3015 458 3067 inm
478 3015 547 3066 ccicc
567 3011 626 3065 io.
652 3014 743 3066 macic
762 3030 811 3066 cur
827 3017 883 3078 cof.
898 3048 900 3053 ·
917 3011 960 3063 Dc
981 3013 1146 3064 cirotecam
1242 3017 1245 3022 '

170 3098 305 3166 effutirent.

174 3235 245 3296 i20.
270 3230 332 3295 Sed
347 3229 636 3316 quaerendumne,
652 3251 732 3294 num
746 3230 818 3294 icm
827 3249 986 3313 pronune
1001 3243 1145 3316 ponatur

108 3315 150 3381 dc
177 3337 215 3380 re
238 3319 409 3402 praesentia
452 3317 519 3382 Nec
533 3319 646 3405 negari
669 3326 792 3402 potest,
818 3316 1015 3400 antiquiores
1033 3328 1143 3404 poetas

108 3412 143 3465 et
164 3411 279 3487 postea
301 3403 388 3466 ulioa'
407 3404 582 3489 scriptores
607 3402 766 3488 quosdam
790 3423 864 3462 eum
893 3401 990 3486 rui'go
1024 3402 1142 3468 confu-

108 3485 194 3557 disse
210 3485 290 3550 haec
307 3486 473 3552 vocabula.
507 3489 734 3552 Prudentiores
752 3485 946 3554 artemiam
962 3508 1030 3548 nou
1047 3509 1143 3553 usur-

106 3570 247 3656 pabant,
273 3573 335 3636 nisi
367 3595 441 3635 cum
466 3575 605 3658 quadem
643 3574 851 3660 oppositione
886 3581 940 3634 aut
971 3587 1045 3636 curn
1073 3574 1142 3638 dis-

108 3656 267 3721 tinctione
292 3660 356 3737 rei,
380 3669 435 3721 cut
456 3657 489 3722 in
506 3657 711 3742 gradatione,
733 3679 796 3743 qua
812 3657 930 3744 dieitur
945 3677 997 3720 res
1020 3680 1058 3722 eo
1079 3658 1141 3724 'us-

108 3762 175 3826 que
197 3745 400 3827 processisse.
448 3741 574 3806 Iudicat
597 3745 684 3808 enim
708 3743 779 3806 iam
805 3743 978 3804 transitum
1007 3765 1048 3806 ex
1080 3744 1141 3808 ntia

107 3827 236 3890 notione
251 3827 284 3889 in
300 3827 396 3892 aliam
411 3825 533 3898 factum
551 3837 581 3891 et
604 3827 887 3914 consequentiam,
908 3825 1048 3914 ideoque
1071 3841 1140 3892 non

106 3911 211 3974 modo
238 3931 313 3974 cum
339 3913 515 3998 praesenti,
548 3913 604 3976 sed
637 3929 709 3978 cum
749 3912 900 3978 omnibus
935 3911 1140 3997 temporibus

106 3999 198 4060 verbi
220 3998 443 4081 componitur.
493 3997 576 4062 Hinc
602 4021 678 4072 vero
701 3994 757 4079 fit,
784 4010 819 4062 ut
842 3995 915 4061 ium
937 3995 978 4059 sit
1002 4017 1042 4058 ex
1073 3996 1139 4060 hoc

104 4091 277 4168 tempore,
301 4105 364 4147 con
379 4105 475 4162 num.
486 4083 537 4150 vel
555 4084 651 4150 etiam
664 4086 814 4163 tandem,
835 4105 906 4148 cun
922 4079 1067 4160 audiisti,
1088 4081 1140 4148 vel
