2738 4730
173 265 239 336 228
466 334 478 362 Ι,
630 249 764 320 ΙΜΜΟ.

268 415 320 480 14.
354 405 548 477 Notandum
575 387 743 486 ridetur‚‘
759 403 931 554 puomodo
956 405 1033 470 huic
1056 403 1244 493 particulae

184 501 338 568 succedat
362 494 501 561 etiamsi
521 493 556 556 in
574 491 759 558 confirman
784 493 1003 569 asententia,
1025 492 1165 556 remotis
1190 493 1247 572 iis,
1276 533 1286 549 .
1365 485 1366 506 ¹

186 610 269 675 quae
286 585 419 650 obstare
436 579 596 646 videatur.
661 633 664 647 ,

290 722 383 776 Pluut.
404 713 485 786 Epid.
507 711 543 779 3,
563 711 597 778 4,
620 712 664 766 81.
698 728 790 765 cumae
812 729 863 783 ego
887 712 975 765 rr'aom
998 709 1126 783 impaorel
1162 710 1248 763 Immo

213 879 214 882 Ἴ
256 806 363 862 etionrsi
383 804 493 856 aarum
515 807 618 854 tontum
638 799 805 869 perdundum
826 805 880 862 eat,
896 799 1008 867 perdam
1029 798 1135 868 potior,
1166 813 1249 866 qaam

174 889 175 893 ¹
257 895 345 946 cinam
357 906 399 942 nro
412 887 517 956 impune
530 887 634 938 irrisam
649 901 702 936 esso
717 883 846 935 hobitum.
910 909 912 912 f

277 1045 329 1109 15.
360 1039 430 1106 Nec
457 1047 663 1127 praeteream
685 1033 832 1100 formam
852 1033 1036 1108 orationis,
1061 1041 1251 1124 quaepost

192 1132 298 1196 immo
314 1126 505 1206 invertitur,
527 1135 559 1188 et
578 1145 640 1211 per
655 1121 717 1184 sed
732 1121 786 1205 id,
811 1121 903 1206 quod
925 1123 1088 1187 maiorem
1103 1119 1147 1182 ‘in
1171 1139 1253 1205 par·
1365 1127 1366 1180 ἶ

193 1229 264 1283 tem
280 1233 473 1280 concessum
493 1206 560 1284 est',
582 1208 761 1294 restringit.
803 1213 915 1294 Atque·
934 1207 969 1276 in
993 1206 1045 1270 his
1067 1205 1254 1270 cavendum

192 1305 277 1382 erit,
304 1321 346 1364 ne
373 1295 630 1364 affirmationem
655 1305 781 1357 rectam
807 1293 1032 1358 existimemus
1057 1313 1255 1378 expressam

196 1411 287 1468 esso,
310 1404 467 1449 naucum
483 1379 641 1444 Schiitzio
657 1373 929 1468 huic'particulao
956 1379 1024 1443 vim
1044 1376 1256 1465 :concedendi

196 1485 229 1540 et
256 1469 456 1536 cohortandi
483 1468 688 1549 tribuamus,
726 1467 818 1554 quasi
847 1464 1006 1553 significet
1042 1485 1144 1540 sons,
1183 1464 1255 1543 im-

145 1616 169 1634 „
197 1557 343 1625 merdin.
379 1619 381 1622 ,

311 1689 369 1744 Cic.
384 1688 420 1742 ad
434 1687 488 1742 stt.
503 1686 529 1752 9,
544 1687 570 1740 7.
589 1687 780 1756 cousso'igr'tor
796 1703 848 1739 aon
861 1687 928 1739 lona
944 1683 1003 1738 ert?
1037 1687 1119 1738 Immo
1136 1685 1259 1754 optima.-

267 1778 313 1832 ted
342 1783 456 1846 agetur,
480 1780 627 1852 tenemento,
656 1771 817 1840 foedissime.
853 1789 879 1854 p.
913 1773 1020 1824 (lineat.
1047 1769 1089 1823 29.
1113 1767 1156 1822 80.
1190 1769 1259 1826 ,vide

162 1899 165 1906 .
268 1879 297 1931 p.
312 1859 374 1913 225.
407 1857 506 1912 Partit.
521 1862 589 1932 orat.
606 1856 633 1920 3,
648 1855 674 1908 8.
692 1855 756 1908 vide
776 1874 802 1910 a.
819 1855 862 1908 10.
880 1857 914 1908 dc
932 1855 1052 1920 office,
1067 1855 1111 1921 23,
1126 1855 1171 1910 00.
1197 1855 1259 1908 vid.

268 1965 297 2000 n.
310 1943 355 1998 18.
658 1947 659 1956 ’
749 1951 757 1976 t
1248 1943 1250 1948 ’

312 2045 409 2099 Serica.
426 2043 460 2098 de
478 2045 575 2098 Bencl.
593 2042 853 2114 6‚14.qatuergo‚
871 2045 972 2118 inquit,
998 2047 1021 2099 εἰ
1044 2047 1072 2098 r‘a
1095 2052 1189 2098 sortem
1209 2062 1260 2097 ao-

172 2192 175 2199 Ι
267 2131 343 2192 raino
362 2135 448 2182 oestro
469 2133 559 2184 conlisi
577 2131 706 2184 iussissem
733 2138 759 2184 et
781 2138 856 2184 tuum
877 2149 973 2184 aomcrr
1002 2133 1070 2184 inter
1096 2129 1261 2182 redimendos

269 2219 375 2278 auset,
402 2215 470 2266 nihil
493 2217 594 2268 deberes
612 2217 698 2268 milri?
731 2217 813 2269 Immo
835 2218 968 2282 deberem,
985 2218 1030 2270 scd
1051 2217 1183 2284 exiguum.
1200 2213 1221 2265 i.
1236 2230 1260 2266 c.

250 2287 308 2354 ¹¹iat
328 2299 481 2368 Gcgcarnett
496 2301 538 2352 icit
564 2305 640 2364 iodre-
653 2303 697 2355 dir
716 2303 857 2372 acltuldr'g,
875 2304 938 2354 oder
957 2320 1008 2354 aar
1027 2302 1122 2368 menig.
1147 2292 1184 2350 n'e
1200 2296 1263 2366 quis

269 2384 343 2438 dicat
366 2393 426 2447 csse
447 2385 596 2456 ollcrdiags
615 2388 657 2440 ich
678 2389 748 2438 ware
772 2392 824 2438 etc.
870 2385 960 2440 Tacit.
980 2387 1049 2440 Anu.
1072 2385 1123 2450 11,
1144 2381 1190 2434 30.
1214 2399 1262 2434 uec

176 2497 177 2504 .
272 2473 378 2526 doraum
401 2471 510 2527 servitio
530 2479 554 2523 et
574 2474 811 2536 ceterosfortuoac
831 2480 942 2542 paratas
963 2489 1108 2544 reposcere:
1121 2475 1265 2540 frueretur·

155 2609 161 2621 s
271 2557 353 2610 imaro
368 2556 419 2620 iia,
436 2556 480 2606 sed
493 2555 610 2608 redderet
625 2573 738 2608 osorem.

292 2709 342 2768 16.
375 2704 468 2783 Quae
491 2703 661 2791 hucusque
681 2697 843 2794 explicui,
866 2709 1026 2775 'reiiciunt
1041 2709 1152 2774 ¹alisna
1175 2709 1265 2774 dicta

208 2799 241 2854 et
256 2786 426 2852 affirmant
442 2792 616 2854 contraria.
674 2793 717 2856 At
740 2804 817 2870 sunt
840 2793 924 2878 loci,
955 2799 988 2861 in
1015 2795 1132 2882 quibus
1156 2797 1265 2860 immo

117 2915 125 2968 p·
207 2897 280 2940 eam
299 2876 406 2960 ip'sam
426 2875 639 2958 sententiam,
664 2900 763 2963 quam
787 2879 1051 2966 colloquentium
1075 2883 1158 2946 alter
1176 2887 1276 2970 pro-'

207 2962 341 3051 posuit,
373 2959 572 3026 confirmare
596 2961 754 3028 videatur.
809 2968 904 3031 Vnde
930 2969 1065 3054 quidam
1090 2969 1265 3033 existima-

134 3067 136 3074 ·
207 3057 288 3115 runt
318 3047 560 3113 adversativam
584 3047 669 3114 hanc
701 3051 897 3136 particulam
929 3076 1000 3119 esse
1030 3053 1267 3120 affirmativam

209 3145 309 3220 atque
331 3134 540 3200 reddendam,
558 3157 619 3222 per
651 3137 847 3201 vccabulum
876 3139 934 3222 jo,
962 3139 1001 3220 ju
1027 3137 1166 3228 gewis&
1223 3139 1268 3204 Et

194 3220 374 3366 ‘Gieriplius
401 3219 442 3284 ad
468 3220 565 3284 Ovid.
592 3219 673 3284 Met.
692 3227 724 3301 7,
740 3224 815 3288 510.
837 3223 938 3289 hacce
970 3225 1103 3308 „immo
1128 3226 1182 3290 ita
1206 3226 1269 3307 sit,

210 3307 281 3369 vim
331 3305 405 3368 abet
427 3303 667 3387 confirmandi,
703 3307 793 3394 quod
820 3309 865 3373 ab
890 3310 994 3377 altero
1021 3313 1147 3376 dictura
1174 3316 1267 3382 est.“

133 3415 134 3422 ¹
211 3381 479 3456 EtMatthiaein
498 3391 647 3454 Gramm.
662 3413 778 3476 graeca
795 3417 827 3480 p.
844 3401 940 3462 1207.
979 3408 1111 3462 'raecum
1127 3421 1159 3481 ys
1175 3420 1269 3462 com-

211 3477 362 3562 paravit,
383 3476 436 3541 cui
455 3474 547 3554 nulla
569 3485 619 3538 est
643 3477 689 3552 vis
713 3479 928 3565 reprobandi.
971 3484 1102 3550 Scilicet
1123 3494 1271 3570 possunt

214 3581 270 3634 ea,
293 3582 377 3646 quae
392 3561 508 3646 aliquis
527 3560 627 3640 dixit,
649 3561 689 3627 ab
705 3563 1010 3633 altero‘accuratius
1037 3567 1187 3650 definiri,
1209 3580 1269 3634 aut

214 3645 416 3712 accumulari
432 3648 495 3720 ita,
519 3657 555 3709 ut
571 3646 667 3734 prior
687 3652 848 3716 sententia
871 3675 940 3728 non
967 3665 1108 3741 perstet.
1129 3655 1186 3720 sed
1207 3678 1268 3721 re·

214 3729 391 3796 formetur.
431 3733 550 3819 'Neque
574 3731 639 3796 alio
666 3733 771 3814 modo
796 3737 841 3817 is,
872 3740 929 3824 qui
951 3741 1078 3805 ironice
1098 3731 1269 3827 loquitur.

213 3815 424 3882 Burmannus
443 3837 546 3902 quum
563 3818 604 3881 ad
621 3817 717 3884 Ovid.
731 3821 813 3887 Met.
828 3827 859 3898 7,
875 3825 950 3890 510.
974 3823 1071 3890 docet
1086 3826 1192 3901 immo
1211 3829 1270 3892 ita

215 3923 285 3966 esse
301 3901 484 3966 formulam
499 3905 666 3983 voventis,
688 3925 759 3970 non
777 3910 947 3996 perspexit
966 3913 1131 3976 rationem
1147 3911 1271 3978 adver-

202 3988 374 4070 sativam,
396 4009 480 4075 quae
503 3989 599 4056 inest.
643 3989 733 4056 Bene
755 3993 865 4058 autem
889 3995 929 4060 de
952 3995 1013 4060 hac
1031 3998 1177 4062 formula
1198 3998 1271 4064 iam

214 4073 391 4142 Goelenius
413 4073 558 4171 Analect.
577 4099 611 4164 p.
628 4077 701 4141 407.
722 4082 853 4146 monuit
867 4101 936 4148 esse
953 4084 1168 4152 correctionis
1184 4107 1271 4172 par-
