2712 4738
425 250 783 366 umvnovsuvan.
823 339 826 348 ,
1089 282 1128 348 u

104 451 172 504 esso
188 437 232 502 ita
252 445 366 524 neget,
391 437 483 524 quasi
508 434 672 500 dioamnes
692 455 759 498 non
785 441 834 500 ost
856 431 944 519 qaod
966 445 1132 521 quoquam
1172 490 1175 498 ⁴

102 527 170 588 sive
190 522 259 589 ullo
284 522 453 586 modosit
484 519 534 586 vol
560 539 629 583 esse
651 529 792 604 putetur.
844 515 1007 604 Significat
1032 521 1132 607 igitur
1194 587 1197 598 .

101 608 242 672 minime
263 607 429 688 omnium,
457 603 593 668 omnino
613 625 696 668 roone
723 625 816 689 gana
838 601 1000 688 eadgar
1028 606 1132 681 nieht,

101 693 322 778 heineswegsr
350 703 381 755 et
411 697 587 772 usurpatur
616 685 725 751 eadem
750 690 895 765 ratione,
931 707 994 770 qna
1024 689 1130 754 haud.

103 779 222 841 Caesar
237 789 267 839 et
285 775 508 862 Quintilianus
521 781 552 834 et
567 769 705 835 fortasse
720 771 773 840 alii
787 793 965 860 numquam
975 769 1034 840 hau
1055 793 1132 844 eoae

101 865 154 931 usi
176 873 267 942 sunt,
288 860 345 957 sed
362 859 515 922 dixerunt
530 877 749 944 nequaquam.

201 976 361 1044 Hemogioe
384 993 465 1044 quum
490 975 524 1032 ad
551 973 663 1034 Sallust.
692 971 751 1029 cat.
779 972 813 1038 3,
832 972 858 1025 2.
881 973 910 1030 in
934 973 1133 1044 haudquaquam

168 1064 285 1116 dixisset
304 1058 443 1114 fortiorem
473 1059 644 1128 negationem
666 1058 755 1112 inesse
776 1072 856 1126 qnam
870 1057 899 1113 in
914 1073 1089 1126 nequaquam,
1106 1063 1135 1114 st

169 1149 205 1198 ob
218 1147 289 1196 hano
306 1161 364 1196 rem
380 1149 505 1213 negasset
527 1146 677 1200 acetosum
696 1143 767 1202 Bell,
792 1143 846 1199 civ.
861 1139 969 1205 3,109.
988 1141 1069 1194 scribi
1082 1155 1134 1210 po-
1217 1145 1219 1150 “

171 1231 268 1282 tuisse:
296 1229 412 1309 Caesaris
432 1229 520 1298 copiae
549 1228 749 1296 haudquaquam
777 1233 854 1278 aaut
880 1231 982 1290 tautae,
1015 1225 1137 1278 Kritzine

172 1327 293 1365 aenaeam
307 1309 342 1372 in,
356 1327 388 1362 eu
405 1310 553 1378 qnaesivit,
572 1311 644 1378 qnod
659 1307 688 1380 in
707 1327 819 1366 numero
836 1304 975 1376 copiarum
989 1309 1136 1379 ‹lenigata-

170 1396 203 1448 do
220 1395 309 1450 nullus
323 1395 441 1464 opinioni
456 1402 503 1451 ant
516 1390 677 1451 dubitationi
691 1395 766 1450 loeus
780 1393 980 1448 concederetur.

211 1497 268 1552 cic.
281 1497 314 1548 de
333 1495 408 1558 Orat.
428 1489 453 1562 1,
471 1495 498 1569 9,
514 1493 555 1552 38.
574 1514 680 1564 quorum
698 1503 792 1570 pater,
812 1495 885 1548 homo
903 1495 1017 1564 prudeus
1030 1503 1053 1549 et
1066 1513 1135 1566 gra·

168 1585 221 1648 oie,
238 1575 447 1652 haudquaquam
459 1581 575 1648 eloquens
595 1587 619 1632 et
638 1597 713 1647 saepe
733 1580 801 1630 alias
821 1586 846 1632 et
865 1580 1074 1650 maeimo'oensor
1089 1597 1135 1634 sa-

53 1685 58 1692 ·
171 1653 221 1719 tuti
237 1667 388 1736 reipublicae
398 1665 464 1733 suit.
483 1663 516 1716 de
533 1661 619 1720 Amic.
633 1660 676 1727 18,
691 1661 732 1717 66.
749 1663 853 1718 accedat
865 1663 914 1714 hue
929 1664 1041 1716 suavitas
1055 1681 1135 1732 quae·

115 1738 117 1744 ,
169 1753 231 1804 dam
259 1757 356 1822 oportet
379 1765 520 1804 sermonum
547 1754 622 1814 atque
646 1764 759 1812 morum,
790 1747 985 1818 haudquaquam
1013 1748 1134 1800 medioata
1174 1775 1176 1782 ·

166 1835 352 1888 condimentum
373 1833 511 1888 amicitiae.
545 1827 604 1884 Liv.
626 1827 660 1893 3,
674 1827 708 1893 Ἰ,
724 1827 749 1884 5.
775 1830 812 1880 ihi
834 1829 1033 1898 haudquaquam
1055 1848 1135 1898 aequm

165 1919 261 1986 proelio
280 1923 428 1985 pugnatum
449 1922 492 1966 est.
517 1911 549 1978 5,
566 1912 615 1978 46,
630 1913 655 1965 3.
689 1911 778 1966 Tacit.
800 1911 871 1965 nist.
894 1911 926 1980 2,
949 1909 991 1964 66.
1017 1915 1135 1984 aagehat

99 2069 102 2074 Ι
156 2000 300 2130 ·Vltteltliqm
313 2000 436 2052 uictarum
450 1997 580 2070 legionum
595 1997 797 2072 haudquaquam
808 1995 916 2070 fractae
930 1998 1039 2052 animus·
1064 1999 1134 2055 Ann-

170 2081 187 2131 1
213 2117 221 2142 ‚
275 2115 281 2130 .

206 2181 262 2234 cic.
285 2181 318 2232 do
341 2179 416 2235 Orat.
442 2181 476 2245 2,
499 2181 549 2248 33,
569 2180 628 2236 lna.
655 2187 680 2233 et
701 2184 800 2248 quedem
825 2183 1026 2252 haudquaquam
1044 2185 1072 2238 id
1097 2190 1135 2244 eet

169 2268 277 2336 difficile
294 2267 392 2316 Crasso.
426 2265 459 2316 de
475 2265 550 2322 Vniv.
567 2265 608 2316 ll.
626 2267 669 2318 sed
687 2265 886 2334 haudquaquam
906 2269 964 2320 honi
984 2275 1035 2333 est,
1053 2271 1135 2324 ratio-

170 2367 203 2401 ne
219 2349 330 2402 vinetum
343 2349 406 2398 velle
423 2347 565 2401 dissolvere.
597 2345 686 2400 Tuoit.
706 2349 840 2414 Ann.14,
859 2347 903 2404 54.
927 2368 957 2402 oo
978 2353 1036 2409 lieet
1054 2356 1136 2408 multa

170 2433 326 2496 uideantur,
344 2431 457 2499 plerique
473 2431 622 2498 haudquam
639 2432 734 2484 artibus
749 2435 801 2484 tuis
815 2451 889 2500 pares
902 2435 980 2501 plura
993 2443 1135 2492 tenuerunt.

169 2515 246 2583 virg.
267 2515 344 2568 hen.
357 2513 408 2583 12,
432 2511 476 2572 45.
510 2516 714 2586 haudquaquam
736 2517 812 2572 distis
834 2516 952 2572 uiolentia
984 2519 1066 2572 Tama·
1084 2524 1137 2596 qta-

171 2599 254 2655 ch'tur.
440 2648 444 2678 f

202 2702 271 2752 Ean.
290 2699 361 2768 apud
376 2699 498 2754 Maaroh.
518 2699 575 2754 Sat.
592 2697 625 2768 6,
641 2701 667 2756 2.
682 2681 1049 2777 haudquaquam‘quemquam
1068 2664 1135 2766 aeha-

136 2796 139 2804 '
167 2791 329 2855 perfeetum
341 2789 445 2854 sequuta
460 2791 507 2839 est.

186 2927 219 2984 2.
252 2922 334 2984 Cum
356 2913 520 2986 vocabulis
543 2918 767 2986 affirmationis
791 2921 1000 3006 coniungitur
1021 2923 1135 2988 hand-

103 3025 293 3094 quaquum,
315 3003 403 3088 quod
421 3024 522 3086 quum
537 3005 788 3092 Stiirenburgius
801 3005 907 3068 reddit
923 3006 1027 3069 verbis
1043 3009 1136 3073 nicht

104 3089 187 3157 eben
211 3088 249 3152 in
275 3085 399 3174 irgend
424 3087 515 3148 einer
536 3084 712 3166 Hiemem,
734 3111 803 3150 non
827 3087 938 3164 video,
967 3092 1134 3172 quomodo

105 3177 265 3240 absonum
289 3169 504 3250 sententium,¹
528 3189 609 3254 quae
634 3169 899 3238 asseverationem
917 3193 992 3238 cnm
1010 3173 1136 3242 dubita.

105 3263 198 3326 tione
217 3257 396 3330 consociet,
418 3251 640 3321 defendamus.

212 3375 268 3430 cis.
284 3376 318 3428 de
335 3375 410 3428 Orat.
422 3372 455 3439 3,
470 3371 519 3438 22,
534 3372 576 3431 82.
596 3347 798 3445 haudquaquam
812 3377 894 3446 herote
908 3380 1058 3438 mirandum
1073 3387 1121 3455 ert..

208 3479 317 3532 Terent.
333 3479 434 3534 Heaut.
447 3476 479 3542 1,
493 3474 566 3548 2,.1.
587 3477 785 3544 haudquaquam
801 3479 878 3532 etiam
894 3489 1002 3536 cessam.
1031 3483 1133 3552 Quom.

130 3556 135 3568 ’
174 3563 316 3618 admodum
328 3563 393 3614 nihil
406 3561 482 3614 etiam
496 3560 603 3617 dieitur.
637 3561 696 3618 Vid.
713 3561 793 3620 Tam.
808 3563 833 3619 2.
847 3581 873 3635 p.
885 3561 944 3619 568.

191 3704 221 3764 8.
243 3695 343 3762 Sicuti
360 3717 474 3762 omnes
490 3695 685 3783 negationes,
701 3689 743 3763 ita
761 3699 857 3764 otiam
873 3697 1135 3789 haudquaquam

107 3787 143 3849 in
160 3785 392 3850 sententiarum
411 3781 508 3846 ultera
532 3793 625 3868 parto
647 3781 801 3869 ponitur,
826 3784 876 3848 sui
899 3786 996 3850 altera
1021 3809 1134 3873 oppo-

108 3869 198 3936 nitur
223 3890 290 3955 per¹
308 3866 476 3956 particulas
499 3866 576 3946 seu,
605 3879 757 3937 ceterum.
799 3869 997 3960 significatio
1020 3871 1134 3937 eadem

108 3965 231 4022 ananet.
1122 4012 1132 4048 7

214 4073 274 4128 his.
296 4072 324 4140 1,
338 4071 382 4140 st,
401 4071 427 4124 9.
439 4074 488 4127 att
507 4072 651 4128 hermiam
673 4073 867 4144 haudquaquam
889 4079 919 4136 ut
940 4073 1028 4142 regiae
1046 4087 1134 4138 mus,
1225 4100 1233 4132 Ἴ,
