<?xml version="1.0" encoding="UTF-8"?>
<!DOCTYPE html PUBLIC "-//W3C//DTD XHTML 1.0 Transitional//EN"
    "http://www.w3.org/TR/xhtml1/DTD/xhtml1-transitional.dtd">
<html xmlns="http://www.w3.org/1999/xhtml" xml:lang="en" lang="en">
 <head>
  <title>
</title>
<meta http-equiv="Content-Type" content="text/html;charset=utf-8" />
  <meta name='ocr-system' content='tesseract 3.04.00' />
  <meta name='ocr-capabilities' content='ocr_page ocr_carea ocr_par ocr_line ocrx_word'/>
</head>
<body>
  <div class='ocr_page' id='page_1' title='image "./ferdinandihandi01torsgoog_0296.png"; bbox 0 0 2738 4730; ppageno 0'>
   <div class='ocr_carea' id='block_1_1' title="bbox 270 265 1264 594">
    <p class='ocr_par' dir='ltr' id='par_1_1' title="bbox 270 265 1264 594">
     <span class='ocr_line' id='line_1_1' title="bbox 699 265 853 350; baseline 0.032 -4"><span class='ocrx_word' id='word_1_1' title='bbox 699 275 760 350; x_wconf 82' lang='grc' dir='ltr'><strong>ΙΝ.</strong></span> <span class='ocrx_word' id='word_1_2' title='bbox 850 265 853 277; x_wconf 58' lang='grc'>’</span> 
     </span>
     <span class='ocr_line' id='line_1_2' title="bbox 270 425 1264 514; baseline 0.012 -30"><span class='ocrx_word' id='word_1_3' title='bbox 270 426 410 492; x_wconf 72' lang='lat' dir='ltr'><strong><em>adsmbio.</em></strong></span> <span class='ocrx_word' id='word_1_4' title='bbox 442 425 944 499; x_wconf 74' lang='lat' dir='ltr'><strong><em>Ptin.nist.n.1⁷,2a‚te.1mn</em></strong></span> <span class='ocrx_word' id='word_1_5' title='bbox 966 439 1077 496; x_wconf 83' lang='lat' dir='ltr'><strong><em>aduentu</em></strong></span> <span class='ocrx_word' id='word_1_6' title='bbox 1098 443 1212 514; x_wconf 79' lang='lat' dir='ltr'><strong><em>pintmee</em></strong></span> <span class='ocrx_word' id='word_1_7' title='bbox 1235 448 1264 502; x_wconf 69' lang='lat' dir='ltr'><strong><em>ta</em></strong></span> 
     </span>
     <span class='ocr_line' id='line_1_3' title="bbox 272 515 1264 594; baseline 0.004 -23"><span class='ocrx_word' id='word_1_8' title='bbox 272 519 359 572; x_wconf 71' lang='grc'><strong>616666</strong></span> <span class='ocrx_word' id='word_1_9' title='bbox 372 521 485 570; x_wconf 85' lang='lat' dir='ltr'><strong><em>mutata.</em></strong></span> <span class='ocrx_word' id='word_1_10' title='bbox 520 515 632 577; x_wconf 80' lang='lat' dir='ltr'><strong><em>Sueten.</em></strong></span> <span class='ocrx_word' id='word_1_11' title='bbox 647 515 726 570; x_wconf 78' lang='lat' dir='ltr'><strong><em>caes.</em></strong></span> <span class='ocrx_word' id='word_1_12' title='bbox 741 517 784 572; x_wconf 91' lang='lat'><strong><em>11.</em></strong></span> <span class='ocrx_word' id='word_1_13' title='bbox 800 520 845 588; x_wconf 80' lang='lat' dir='ltr'><strong><em>qni</em></strong></span> <span class='ocrx_word' id='word_1_14' title='bbox 857 523 1047 594; x_wconf 62' lang='lat' dir='ltr'><strong><em>prascriptione</em></strong></span> <span class='ocrx_word' id='word_1_15' title='bbox 1062 529 1095 581; x_wconf 70' lang='lat' dir='ltr'><strong><em>ot,</em></strong></span> <span class='ocrx_word' id='word_1_16' title='bbox 1116 531 1208 584; x_wconf 55' lang='lat' dir='ltr'><strong><em>retae„</em></strong></span> <span class='ocrx_word' id='word_1_17' title='bbox 1228 535 1264 584; x_wconf 65' lang='grc' dir='ltr'><strong><em>ω’.</em></strong></span> 
     </span>
    </p>
   </div>
   <div class='ocr_carea' id='block_1_2' title="bbox 175 597 1265 681">
    <p class='ocr_par' dir='ltr' id='par_1_2' title="bbox 175 597 1265 681">
     <span class='ocr_line' id='line_1_4' title="bbox 175 597 1265 681; baseline 0.014 -25"><span class='ocrx_word' id='word_1_18' title='bbox 175 597 182 609; x_wconf 82' lang='lat'><em>&#39;</em></span> <span class='ocrx_word' id='word_1_19' title='bbox 264 604 335 656; x_wconf 88' lang='lat' dir='ltr'><strong><em>cium</em></strong></span> <span class='ocrx_word' id='word_1_20' title='bbox 356 617 524 654; x_wconf 79' lang='lat' dir='ltr'><strong><em>romanarum</em></strong></span> <span class='ocrx_word' id='word_1_21' title='bbox 539 601 631 670; x_wconf 87' lang='lat' dir='ltr'><strong><em>capita</em></strong></span> <span class='ocrx_word' id='word_1_22' title='bbox 650 604 776 672; x_wconf 87' lang='lat' dir='ltr'><strong><em>pecunias</em></strong></span> <span class='ocrx_word' id='word_1_23' title='bbox 791 623 822 658; x_wconf 83' lang='lat' dir='ltr'><strong><em>eu</em></strong></span> <span class='ocrx_word' id='word_1_24' title='bbox 842 609 944 660; x_wconf 82' lang='lat' dir='ltr'><strong><em>aerario</em></strong></span> <span class='ocrx_word' id='word_1_25' title='bbox 963 621 1125 681; x_wconf 83' lang='lat' dir='ltr'><strong><em>occeperunt.</em></strong></span> <span class='ocrx_word' id='word_1_26' title='bbox 1155 613 1183 668; x_wconf 89' lang='grc'><strong><em>2.</em></strong></span> <span class='ocrx_word' id='word_1_27' title='bbox 1203 619 1265 671; x_wconf 87' lang='lat' dir='ltr'><strong><em>reli·</em></strong></span> 
     </span>
    </p>
   </div>
   <div class='ocr_carea' id='block_1_3' title="bbox 268 685 1264 840">
    <p class='ocr_par' dir='ltr' id='par_1_3' title="bbox 268 685 1264 840">
     <span class='ocr_line' id='line_1_5' title="bbox 270 685 1264 768; baseline 0.016 -29"><span class='ocrx_word' id='word_1_28' title='bbox 270 703 323 756; x_wconf 74' lang='lat' dir='ltr'><strong><em>qun</em></strong></span> <span class='ocrx_word' id='word_1_29' title='bbox 335 685 433 738; x_wconf 86' lang='lat' dir='ltr'><strong><em>militia</em></strong></span> <span class='ocrx_word' id='word_1_30' title='bbox 448 687 598 740; x_wconf 73' lang='lat' dir='ltr'><strong><em>secundiore</em></strong></span> <span class='ocrx_word' id='word_1_31' title='bbox 605 691 686 755; x_wconf 84' lang='lat' dir='ltr'><strong><em>sama</em></strong></span> <span class='ocrx_word' id='word_1_32' title='bbox 696 689 764 754; x_wconf 83' lang='lat' dir='ltr'><strong><em>fuit.</em></strong></span> <span class='ocrx_word' id='word_1_33' title='bbox 800 689 891 744; x_wconf 82' lang='lat' dir='ltr'><strong><em>Tacit.</em></strong></span> <span class='ocrx_word' id='word_1_34' title='bbox 904 692 975 749; x_wconf 82' lang='lat' dir='ltr'><strong><em>Anu.</em></strong></span> <span class='ocrx_word' id='word_1_35' title='bbox 989 693 1024 760; x_wconf 76' lang='grc'><strong><em>6,</em></strong></span> <span class='ocrx_word' id='word_1_36' title='bbox 1040 695 1085 752; x_wconf 81' lang='grc'><strong><em>28.</em></strong></span> <span class='ocrx_word' id='word_1_37' title='bbox 1105 699 1177 754; x_wconf 87' lang='lat' dir='ltr'><strong><em>dedit</em></strong></span> <span class='ocrx_word' id='word_1_38' title='bbox 1195 703 1264 768; x_wconf 82' lang='lat' dir='ltr'><strong><em>iura,</em></strong></span> 
     </span>
     <span class='ocr_line' id='line_1_6' title="bbox 268 771 726 840; baseline 0.007 -16"><span class='ocrx_word' id='word_1_39' title='bbox 268 772 326 840; x_wconf 79' lang='lat' dir='ltr'><strong><em>puis</em></strong></span> <span class='ocrx_word' id='word_1_40' title='bbox 341 776 439 840; x_wconf 85' lang='lat' dir='ltr'><strong><em>paceet</em></strong></span> <span class='ocrx_word' id='word_1_41' title='bbox 454 771 573 840; x_wconf 74' lang='lat' dir='ltr'><strong><em>principe</em></strong></span> <span class='ocrx_word' id='word_1_42' title='bbox 587 777 726 827; x_wconf 78' lang='lat' dir='ltr'><strong><em>uteremur.</em></strong></span> 
     </span>
    </p>
   </div>
   <div class='ocr_carea' id='block_1_4' title="bbox 162 872 1299 1452">
    <p class='ocr_par' dir='ltr' id='par_1_4' title="bbox 301 872 1262 947">
     <span class='ocr_line' id='line_1_7' title="bbox 301 872 1262 947; baseline 0.014 -18"><span class='ocrx_word' id='word_1_43' title='bbox 301 875 470 929; x_wconf 80' lang='lat' dir='ltr'><strong><em>&#39;Contractaa</em></strong></span> <span class='ocrx_word' id='word_1_44' title='bbox 494 872 621 926; x_wconf 85' lang='lat' dir='ltr'><strong><em>dictionis</em></strong></span> <span class='ocrx_word' id='word_1_45' title='bbox 645 877 800 945; x_wconf 79' lang='lat' dir='ltr'><strong><em>exemplum</em></strong></span> <span class='ocrx_word' id='word_1_46' title='bbox 821 878 962 947; x_wconf 78' lang='lat' dir='ltr'><strong><em>videmus,</em></strong></span> <span class='ocrx_word' id='word_1_47' title='bbox 986 881 1212 939; x_wconf 77' lang='lat' dir='ltr'><strong><em>nbiuomtninn·</em></strong></span> <span class='ocrx_word' id='word_1_48' title='bbox 1234 887 1262 943; x_wconf 90' lang='lat' dir='ltr'><strong><em>in</em></strong></span> 
     </span>
    </p>

    <p class='ocr_par' dir='ltr' id='par_1_5' title="bbox 221 958 1263 1030">
     <span class='ocr_line' id='line_1_8' title="bbox 221 958 1263 1030; baseline 0.012 -15"><span class='ocrx_word' id='word_1_49' title='bbox 221 974 224 978; x_wconf 86' lang='grc'><strong>’</strong></span> <span class='ocrx_word' id='word_1_50' title='bbox 270 961 347 1016; x_wconf 80' lang='lat' dir='ltr'><strong><em>laune</em></strong></span> <span class='ocrx_word' id='word_1_51' title='bbox 361 958 472 1013; x_wconf 85' lang='lat' dir='ltr'><strong><em>modum</em></strong></span> <span class='ocrx_word' id='word_1_52' title='bbox 491 958 617 1012; x_wconf 79' lang='lat' dir='ltr'><strong><em>formetis</em></strong></span> <span class='ocrx_word' id='word_1_53' title='bbox 632 968 721 1015; x_wconf 82' lang='lat' dir='ltr'><strong><em>tamen</em></strong></span> <span class='ocrx_word' id='word_1_54' title='bbox 738 962 849 1016; x_wconf 75' lang='lat' dir='ltr'><strong><em>additur</em></strong></span> <span class='ocrx_word' id='word_1_55' title='bbox 865 965 922 1030; x_wconf 85' lang='lat' dir='ltr'><strong><em>ita,</em></strong></span> <span class='ocrx_word' id='word_1_56' title='bbox 940 969 971 1020; x_wconf 89' lang='lat' dir='ltr'><strong><em>ut</em></strong></span> <span class='ocrx_word' id='word_1_57' title='bbox 986 961 1096 1022; x_wconf 82' lang='lat' dir='ltr'><strong><em>nomine</em></strong></span> <span class='ocrx_word' id='word_1_58' title='bbox 1106 969 1162 1024; x_wconf 83' lang='lat' dir='ltr'><strong><em>illa·</em></strong></span> <span class='ocrx_word' id='word_1_59' title='bbox 1172 973 1263 1028; x_wconf 85' lang='lat' dir='ltr'><strong><em>vicem</em></strong></span> 
     </span>
    </p>

    <p class='ocr_par' dir='ltr' id='par_1_6' title="bbox 162 1043 1282 1204">
     <span class='ocr_line' id='line_1_9' title="bbox 162 1043 1263 1122; baseline 0.022 -30"><span class='ocrx_word' id='word_1_60' title='bbox 162 1085 164 1092; x_wconf 81' lang='grc'><strong><em>,</em></strong></span> <span class='ocrx_word' id='word_1_61' title='bbox 272 1043 467 1100; x_wconf 74' lang='lat' dir='ltr'><strong><em>enuntiationis</em></strong></span> <span class='ocrx_word' id='word_1_62' title='bbox 482 1045 661 1098; x_wconf 86' lang='lat' dir='ltr'><strong><em>secundariae</em></strong></span> <span class='ocrx_word' id='word_1_63' title='bbox 676 1052 825 1116; x_wconf 85' lang='lat' dir='ltr'><strong><em>praestent.</em></strong></span> <span class='ocrx_word' id='word_1_64' title='bbox 859 1050 918 1105; x_wconf 85' lang='lat' dir='ltr'><strong><em>Cic.</em></strong></span> <span class='ocrx_word' id='word_1_65' title='bbox 933 1051 969 1106; x_wconf 85' lang='lat' dir='ltr'><strong><em>ad</em></strong></span> <span class='ocrx_word' id='word_1_66' title='bbox 984 1053 1062 1106; x_wconf 85' lang='lat' dir='ltr'><strong><em>Fam.</em></strong></span> <span class='ocrx_word' id='word_1_67' title='bbox 1077 1053 1103 1121; x_wconf 80' lang='lat'><strong><em>5,</em></strong></span> <span class='ocrx_word' id='word_1_68' title='bbox 1119 1055 1147 1122; x_wconf 91' lang='grc'><strong><em>2,</em></strong></span> <span class='ocrx_word' id='word_1_69' title='bbox 1160 1057 1188 1111; x_wconf 87' lang='lat'><strong><em>4.</em></strong></span> <span class='ocrx_word' id='word_1_70' title='bbox 1208 1061 1263 1117; x_wconf 87' lang='lat' dir='ltr'><strong><em>iam</em></strong></span> 
     </span>
     <span class='ocr_line' id='line_1_10' title="bbox 270 1131 1282 1204; baseline 0.014 -20"><span class='ocrx_word' id='word_1_71' title='bbox 270 1133 318 1186; x_wconf 76' lang='lat' dir='ltr'><strong><em>lece</em></strong></span> <span class='ocrx_word' id='word_1_72' title='bbox 332 1149 385 1184; x_wconf 89' lang='lat' dir='ltr'><strong><em>nen</em></strong></span> <span class='ocrx_word' id='word_1_73' title='bbox 396 1137 481 1200; x_wconf 89' lang='lat' dir='ltr'><strong><em>potest</em></strong></span> <span class='ocrx_word' id='word_1_74' title='bbox 495 1131 524 1181; x_wconf 89' lang='lat' dir='ltr'><strong><em>iu</em></strong></span> <span class='ocrx_word' id='word_1_75' title='bbox 540 1139 567 1184; x_wconf 88' lang='lat' dir='ltr'><strong><em>te</em></strong></span> <span class='ocrx_word' id='word_1_76' title='bbox 582 1149 634 1184; x_wconf 86' lang='lat' dir='ltr'><strong><em>unu</em></strong></span> <span class='ocrx_word' id='word_1_77' title='bbox 647 1133 788 1203; x_wconf 73' lang='lat' dir='ltr'><strong><em>honorifice</em></strong></span> <span class='ocrx_word' id='word_1_78' title='bbox 800 1151 855 1190; x_wconf 83' lang='lat' dir='ltr'><strong><em>esee</em></strong></span> <span class='ocrx_word' id='word_1_79' title='bbox 869 1137 985 1204; x_wconf 87' lang='lat' dir='ltr'><strong><em>dictum,</em></strong></span> <span class='ocrx_word' id='word_1_80' title='bbox 1001 1156 1042 1191; x_wconf 89' lang='lat' dir='ltr'><strong><em>mc</em></strong></span> <span class='ocrx_word' id='word_1_81' title='bbox 1059 1139 1089 1192; x_wconf 88' lang='lat' dir='ltr'><strong><em>in</em></strong></span> <span class='ocrx_word' id='word_1_82' title='bbox 1111 1142 1263 1199; x_wconf 85' lang='lat' dir='ltr'><strong><em>clarissimis</em></strong></span> <span class='ocrx_word' id='word_1_83' title='bbox 1278 1198 1282 1204; x_wconf 85' lang='grc'><strong>,</strong></span> 
     </span>
    </p>

    <p class='ocr_par' dir='ltr' id='par_1_7' title="bbox 270 1216 1263 1290">
     <span class='ocr_line' id='line_1_11' title="bbox 270 1216 1263 1290; baseline 0.017 -23"><span class='ocrx_word' id='word_1_84' title='bbox 270 1217 335 1272; x_wconf 71' lang='lat' dir='ltr'><strong><em>&#39;eneis&#39;</em></strong></span> <span class='ocrx_word' id='word_1_85' title='bbox 357 1223 435 1282; x_wconf 80' lang='lat' dir='ltr'><strong><em>atque</em></strong></span> <span class='ocrx_word' id='word_1_86' title='bbox 456 1216 625 1284; x_wconf 66' lang='lat' dir='ltr'><strong><em>amplissimis</em></strong></span> <span class='ocrx_word' id='word_1_87' title='bbox 642 1219 733 1284; x_wconf 81' lang='lat' dir='ltr'><strong><em>relus,</em></strong></span> <span class='ocrx_word' id='word_1_88' title='bbox 760 1227 851 1273; x_wconf 86' lang='lat' dir='ltr'><strong><em>tamen</em></strong></span> <span class='ocrx_word' id='word_1_89' title='bbox 875 1221 983 1290; x_wconf 78' lang='lat' dir='ltr'><strong><em>aliquod</em></strong></span> <span class='ocrx_word' id='word_1_90' title='bbox 1005 1225 1180 1278; x_wconf 74' lang='lat' dir='ltr'><strong><em>testimoninm</em></strong></span> <span class='ocrx_word' id='word_1_91' title='bbox 1204 1237 1263 1284; x_wconf 85' lang='lat' dir='ltr'><strong><em>tuae</em></strong></span> 
     </span>
    </p>

    <p class='ocr_par' dir='ltr' id='par_1_8' title="bbox 268 1277 1299 1378">
     <span class='ocr_line' id='line_1_12' title="bbox 268 1277 1299 1378; baseline 0.015 -27"><span class='ocrx_word' id='word_1_92' title='bbox 268 1277 334 1352; x_wconf 65' lang='lat' dir='ltr'><strong><em>cccii</em></strong></span> <span class='ocrx_word' id='word_1_93' title='bbox 351 1300 447 1351; x_wconf 78' lang='lat' dir='ltr'><strong><em>halese</em></strong></span> <span class='ocrx_word' id='word_1_94' title='bbox 459 1300 577 1352; x_wconf 71' lang='lat' dir='ltr'><strong><em>colunne.</em></strong></span> <span class='ocrx_word' id='word_1_95' title='bbox 595 1298 613 1352; x_wconf 85' lang='lat' dir='ltr'><strong><em>i.</em></strong></span> <span class='ocrx_word' id='word_1_96' title='bbox 628 1318 652 1354; x_wconf 87' lang='lat' dir='ltr'><strong><em>c.</em></strong></span> <span class='ocrx_word' id='word_1_97' title='bbox 673 1319 758 1368; x_wconf 85' lang='lat' dir='ltr'><strong><em>quum</em></strong></span> <span class='ocrx_word' id='word_1_98' title='bbox 777 1303 948 1360; x_wconf 83' lang='lat' dir='ltr'><strong><em>clarissimae</em></strong></span> <span class='ocrx_word' id='word_1_99' title='bbox 970 1302 1054 1376; x_wconf 71' lang='lat' dir='ltr'><strong><em>atauo</em></strong></span> <span class='ocrx_word' id='word_1_100' title='bbox 1075 1310 1262 1378; x_wconf 82' lang='lat' dir='ltr'><strong><em>amplissimae</em></strong></span> <span class='ocrx_word' id='word_1_101' title='bbox 1296 1361 1299 1366; x_wconf 85' lang='lat'><strong><em>.</em></strong></span> 
     </span>
    </p>

    <p class='ocr_par' dir='ltr' id='par_1_9' title="bbox 267 1363 1262 1452">
     <span class='ocr_line' id='line_1_13' title="bbox 267 1363 1262 1452; baseline 0.013 -14"><span class='ocrx_word' id='word_1_102' title='bbox 267 1363 311 1438; x_wconf 76' lang='lat' dir='ltr'><strong><em>res</em></strong></span> <span class='ocrx_word' id='word_1_103' title='bbox 326 1389 537 1446; x_wconf 58' lang='lat' dir='ltr'><strong><em>mandassent.⁴</em></strong></span> <span class='ocrx_word' id='word_1_104' title='bbox 560 1385 599 1450; x_wconf 88' lang='grc'><strong><em>2,</em></strong></span> <span class='ocrx_word' id='word_1_105' title='bbox 609 1385 661 1452; x_wconf 88' lang='grc'><strong><em>16,</em></strong></span> <span class='ocrx_word' id='word_1_106' title='bbox 678 1385 721 1438; x_wconf 82' lang='grc'><strong>15.</strong></span> <span class='ocrx_word' id='word_1_107' title='bbox 739 1390 768 1440; x_wconf 90' lang='lat' dir='ltr'><strong><em>iu</em></strong></span> <span class='ocrx_word' id='word_1_108' title='bbox 790 1393 966 1443; x_wconf 79' lang='lat' dir='ltr'><strong><em>communibus</em></strong></span> <span class='ocrx_word' id='word_1_109' title='bbox 981 1394 1090 1447; x_wconf 78' lang='lat' dir='ltr'><strong><em>miseriis</em></strong></span> <span class='ocrx_word' id='word_1_110' title='bbox 1104 1396 1155 1448; x_wconf 73' lang='lat' dir='ltr'><strong><em>leuc</em></strong></span> <span class='ocrx_word' id='word_1_111' title='bbox 1174 1405 1262 1452; x_wconf 86' lang='lat' dir='ltr'><strong><em>tumen</em></strong></span> 
     </span>
    </p>
   </div>
   <div class='ocr_carea' id='block_1_5' title="bbox 267 1462 1262 1610">
    <p class='ocr_par' dir='ltr' id='par_1_10' title="bbox 267 1462 1262 1610">
     <span class='ocr_line' id='line_1_14' title="bbox 267 1462 1262 1551; baseline 0.014 -28"><span class='ocrx_word' id='word_1_112' title='bbox 267 1462 544 1538; x_wconf 74' lang='lat' dir='ltr'><strong><em>atlectcbce&#39;specula.</em></strong></span> <span class='ocrx_word' id='word_1_113' title='bbox 561 1469 580 1521; x_wconf 87' lang='lat' dir='ltr'><strong><em>i.</em></strong></span> <span class='ocrx_word' id='word_1_114' title='bbox 595 1487 619 1522; x_wconf 89' lang='lat' dir='ltr'><strong><em>e.</em></strong></span> <span class='ocrx_word' id='word_1_115' title='bbox 636 1488 803 1541; x_wconf 85' lang='lat' dir='ltr'><strong><em>quamquam</em></strong></span> <span class='ocrx_word' id='word_1_116' title='bbox 820 1481 898 1528; x_wconf 85' lang='lat' dir='ltr'><strong><em>erent</em></strong></span> <span class='ocrx_word' id='word_1_117' title='bbox 911 1474 1059 1542; x_wconf 70' lang='lat' dir='ltr'><strong><em>miseriae.</em></strong></span> <span class='ocrx_word' id='word_1_118' title='bbox 1085 1497 1112 1548; x_wconf 84' lang='lat' dir='ltr'><strong><em>p.</em></strong></span> <span class='ocrx_word' id='word_1_119' title='bbox 1128 1481 1262 1551; x_wconf 75' lang='lat' dir='ltr'><strong><em>Manli,</em></strong></span> 
     </span>
     <span class='ocr_line' id='line_1_15' title="bbox 267 1552 659 1610; baseline 0.005 -4"><span class='ocrx_word' id='word_1_120' title='bbox 267 1552 311 1607; x_wconf 77' lang='grc'><strong>34.</strong></span> <span class='ocrx_word' id='word_1_121' title='bbox 328 1555 378 1607; x_wconf 88' lang='lat' dir='ltr'><strong><em>ubi</em></strong></span> <span class='ocrx_word' id='word_1_122' title='bbox 391 1553 497 1608; x_wconf 84' lang='lat' dir='ltr'><strong><em>natavit</em></strong></span> <span class='ocrx_word' id='word_1_123' title='bbox 513 1555 659 1610; x_wconf 83' lang='lat' dir='ltr'><strong><em>Matthiae.</em></strong></span> 
     </span>
    </p>
   </div>
   <div class='ocr_carea' id='block_1_6' title="bbox 185 1678 1367 1954">
    <p class='ocr_par' dir='ltr' id='par_1_11' title="bbox 185 1678 1367 1954">
     <span class='ocr_line' id='line_1_16' title="bbox 185 1678 1367 1782; baseline 0.022 -44"><span class='ocrx_word' id='word_1_124' title='bbox 185 1701 190 1713; x_wconf 59' lang='lat'><em>⁴</em></span> <span class='ocrx_word' id='word_1_125' title='bbox 286 1681 318 1742; x_wconf 86' lang='grc'><strong><em>6.</em></strong></span> <span class='ocrx_word' id='word_1_126' title='bbox 347 1678 408 1742; x_wconf 91' lang='lat' dir='ltr'><strong><em>Hic</em></strong></span> <span class='ocrx_word' id='word_1_127' title='bbox 432 1679 529 1742; x_wconf 90' lang='lat' dir='ltr'><strong><em>nobis</em></strong></span> <span class='ocrx_word' id='word_1_128' title='bbox 560 1682 856 1746; x_wconf 87' lang='lat' dir='ltr'><strong><em>commemoranda</em></strong></span> <span class='ocrx_word' id='word_1_129' title='bbox 888 1693 938 1750; x_wconf 87' lang='lat' dir='ltr'><strong><em>est</em></strong></span> <span class='ocrx_word' id='word_1_130' title='bbox 963 1689 1158 1770; x_wconf 84' lang='lat' dir='ltr'><strong><em>necessitas,</em></strong></span> <span class='ocrx_word' id='word_1_131' title='bbox 1196 1715 1261 1782; x_wconf 91' lang='lat' dir='ltr'><strong><em>qua</em></strong></span> <span class='ocrx_word' id='word_1_132' title='bbox 1366 1687 1367 1740; x_wconf 70' lang='grc' dir='ltr'>Ῑ</span> 
     </span>
     <span class='ocr_line' id='line_1_17' title="bbox 189 1764 1367 1872; baseline 0.019 -45"><span class='ocrx_word' id='word_1_133' title='bbox 189 1765 309 1830; x_wconf 49' lang='lat' dir='ltr'><strong><em>sLatini</em></strong></span> <span class='ocrx_word' id='word_1_134' title='bbox 324 1775 490 1852; x_wconf 82' lang='lat' dir='ltr'><strong><em>coguntur</em></strong></span> <span class='ocrx_word' id='word_1_135' title='bbox 507 1764 628 1830; x_wconf 85' lang='lat' dir='ltr'><strong><em>addere</em></strong></span> <span class='ocrx_word' id='word_1_136' title='bbox 643 1768 927 1854; x_wconf 79' lang='lat' dir='ltr'><strong><em>praepositionem</em></strong></span> <span class='ocrx_word' id='word_1_137' title='bbox 942 1775 1115 1860; x_wconf 81' lang='lat' dir='ltr'><strong><em>&#39;gerundiis</em></strong></span> <span class='ocrx_word' id='word_1_138' title='bbox 1132 1789 1165 1842; x_wconf 86' lang='lat' dir='ltr'><strong><em>et</em></strong></span> <span class='ocrx_word' id='word_1_139' title='bbox 1182 1803 1263 1868; x_wconf 89' lang='lat' dir='ltr'><strong><em>par·</em></strong></span> <span class='ocrx_word' id='word_1_140' title='bbox 1366 1859 1367 1872; x_wconf 12' lang='grc' dir='ltr'>χ</span> 
     </span>
     <span class='ocr_line' id='line_1_18' title="bbox 201 1849 1261 1954; baseline 0.019 -40"><span class='ocrx_word' id='word_1_141' title='bbox 201 1853 322 1940; x_wconf 86' lang='lat' dir='ltr'><strong><em>ticipiis</em></strong></span> <span class='ocrx_word' id='word_1_142' title='bbox 338 1849 441 1917; x_wconf 82' lang='lat' dir='ltr'><strong><em>fut-uri</em></strong></span> <span class='ocrx_word' id='word_1_143' title='bbox 457 1852 585 1938; x_wconf 84' lang='lat' dir='ltr'><strong><em>passivi,</em></strong></span> <span class='ocrx_word' id='word_1_144' title='bbox 603 1851 720 1938; x_wconf 84' lang='lat' dir='ltr'><strong><em>quibus</em></strong></span> <span class='ocrx_word' id='word_1_145' title='bbox 737 1855 937 1940; x_wconf 82' lang='lat' dir='ltr'><strong><em>exprimitur</em></strong></span> <span class='ocrx_word' id='word_1_146' title='bbox 954 1861 1078 1946; x_wconf 86' lang='lat' dir='ltr'><strong><em>agenda</em></strong></span> <span class='ocrx_word' id='word_1_147' title='bbox 1095 1879 1158 1947; x_wconf 81' lang='lat' dir='ltr'><strong><em>res&#39;,</em></strong></span> <span class='ocrx_word' id='word_1_148' title='bbox 1177 1890 1261 1954; x_wconf 88' lang='lat' dir='ltr'><strong><em>quae</em></strong></span> 
     </span>
    </p>
   </div>
   <div class='ocr_carea' id='block_1_7' title="bbox 203 1937 1368 2023">
    <p class='ocr_par' dir='ltr' id='par_1_12' title="bbox 203 1937 1368 2023">
     <span class='ocr_line' id='line_1_19' title="bbox 203 1937 1368 2023; baseline 0.016 -22"><span class='ocrx_word' id='word_1_149' title='bbox 203 1938 282 2002; x_wconf 88' lang='lat' dir='ltr'><strong><em>dum</em></strong></span> <span class='ocrx_word' id='word_1_150' title='bbox 301 1938 425 2023; x_wconf 86' lang='lat' dir='ltr'><strong><em>agitur,</em></strong></span> <span class='ocrx_word' id='word_1_151' title='bbox 451 1938 537 2001; x_wconf 88' lang='lat' dir='ltr'><strong><em>aliud</em></strong></span> <span class='ocrx_word' id='word_1_152' title='bbox 556 1939 634 2023; x_wconf 92' lang='lat' dir='ltr'><strong><em>quid</em></strong></span> <span class='ocrx_word' id='word_1_153' title='bbox 652 1937 700 2002; x_wconf 87' lang='lat' dir='ltr'><strong><em>fit.</em></strong></span> <span class='ocrx_word' id='word_1_154' title='bbox 742 1938 792 2004; x_wconf 86' lang='lat' dir='ltr'><strong><em>Ita</em></strong></span> <span class='ocrx_word' id='word_1_155' title='bbox 810 1943 1008 2010; x_wconf 83' lang='lat' dir='ltr'><strong><em>describitur</em></strong></span> <span class='ocrx_word' id='word_1_156' title='bbox 1024 1949 1163 2016; x_wconf 85' lang='lat' dir='ltr'><strong><em>actionis</em></strong></span> <span class='ocrx_word' id='word_1_157' title='bbox 1179 1975 1263 2019; x_wconf 88' lang='lat' dir='ltr'><strong><em>con·</em></strong></span> <span class='ocrx_word' id='word_1_158' title='bbox 1367 1976 1368 1995; x_wconf 64' lang='lat'>¹</span> 
     </span>
    </p>
   </div>
   <div class='ocr_carea' id='block_1_8' title="bbox 100 2023 1356 2988">
    <p class='ocr_par' dir='ltr' id='par_1_13' title="bbox 100 2023 1356 2988">
     <span class='ocr_line' id='line_1_20' title="bbox 201 2023 1260 2117; baseline 0.019 -31"><span class='ocrx_word' id='word_1_159' title='bbox 201 2024 302 2099; x_wconf 85' lang='lat' dir='ltr'><strong><em>ditio,</em></strong></span> <span class='ocrx_word' id='word_1_160' title='bbox 326 2023 375 2087; x_wconf 90' lang='lat' dir='ltr'><strong><em>vel</em></strong></span> <span class='ocrx_word' id='word_1_161' title='bbox 395 2033 515 2100; x_wconf 85' lang='lat' dir='ltr'><strong><em>status,</em></strong></span> <span class='ocrx_word' id='word_1_162' title='bbox 539 2024 590 2088; x_wconf 90' lang='lat' dir='ltr'><strong><em>vel</em></strong></span> <span class='ocrx_word' id='word_1_163' title='bbox 614 2033 757 2112; x_wconf 83' lang='lat' dir='ltr'><strong><em>tempus.</em></strong></span> <span class='ocrx_word' id='word_1_164' title='bbox 803 2026 866 2091; x_wconf 86' lang='lat' dir='ltr'><strong><em>Sed</em></strong></span> <span class='ocrx_word' id='word_1_165' title='bbox 891 2042 1003 2117; x_wconf 89' lang='lat' dir='ltr'><strong><em>potest</em></strong></span> <span class='ocrx_word' id='word_1_166' title='bbox 1027 2036 1142 2100; x_wconf 88' lang='lat' dir='ltr'><strong><em>eedem</em></strong></span> <span class='ocrx_word' id='word_1_167' title='bbox 1165 2043 1260 2107; x_wconf 86' lang='lat' dir='ltr'><strong><em>nolio</em></strong></span> 
     </span>
     <span class='ocr_line' id='line_1_21' title="bbox 194 2106 1257 2214; baseline 0.019 -41"><span class='ocrx_word' id='word_1_168' title='bbox 194 2110 242 2185; x_wconf 82' lang='lat' dir='ltr'><strong><em>¹ed</em></strong></span> <span class='ocrx_word' id='word_1_169' title='bbox 275 2129 423 2174; x_wconf 81' lang='lat' dir='ltr'><strong><em>caussam</em></strong></span> <span class='ocrx_word' id='word_1_170' title='bbox 450 2106 584 2190; x_wconf 83' lang='lat' dir='ltr'><strong><em>referri,</em></strong></span> <span class='ocrx_word' id='word_1_171' title='bbox 622 2131 723 2196; x_wconf 88' lang='lat' dir='ltr'><strong><em>quam</em></strong></span> <span class='ocrx_word' id='word_1_172' title='bbox 758 2111 916 2180; x_wconf 82' lang='lat' dir='ltr'><strong><em>ablativus</em></strong></span> <span class='ocrx_word' id='word_1_173' title='bbox 947 2116 1056 2184; x_wconf 82' lang='lat' dir='ltr'><strong><em>siudue</em></strong></span> <span class='ocrx_word' id='word_1_174' title='bbox 1091 2121 1257 2214; x_wconf 78' lang='lat' dir='ltr'><strong><em>designat.</em></strong></span> 
     </span>
     <span class='ocr_line' id='line_1_22' title="bbox 100 2194 1257 2290; baseline 0.025 -38"><span class='ocrx_word' id='word_1_175' title='bbox 100 2247 103 2252; x_wconf 93' lang='grc'><strong>,</strong></span> <span class='ocrx_word' id='word_1_176' title='bbox 200 2196 312 2274; x_wconf 87' lang='lat' dir='ltr'><strong><em>Quare</em></strong></span> <span class='ocrx_word' id='word_1_177' title='bbox 331 2194 512 2259; x_wconf 88' lang='lat' dir='ltr'><strong><em>cavendum</em></strong></span> <span class='ocrx_word' id='word_1_178' title='bbox 534 2205 600 2270; x_wconf 84' lang='lat' dir='ltr'><strong><em>est,</em></strong></span> <span class='ocrx_word' id='word_1_179' title='bbox 622 2219 757 2261; x_wconf 86' lang='lat' dir='ltr'><strong><em>aecum</em></strong></span> <span class='ocrx_word' id='word_1_180' title='bbox 774 2197 891 2266; x_wconf 87' lang='lat' dir='ltr'><strong><em>Beiero</em></strong></span> <span class='ocrx_word' id='word_1_181' title='bbox 908 2202 986 2290; x_wconf 90' lang='lat' dir='ltr'><strong><em>(vid.</em></strong></span> <span class='ocrx_word' id='word_1_182' title='bbox 1005 2219 1116 2275; x_wconf 86' lang='lat' dir='ltr'><strong><em>annot.</em></strong></span> <span class='ocrx_word' id='word_1_183' title='bbox 1134 2216 1174 2276; x_wconf 90' lang='lat' dir='ltr'><strong><em>ad</em></strong></span> <span class='ocrx_word' id='word_1_184' title='bbox 1189 2215 1257 2281; x_wconf 86' lang='lat' dir='ltr'><strong><em>Cic.</em></strong></span> 
     </span>
     <span class='ocr_line' id='line_1_23' title="bbox 200 2281 1259 2378; baseline 0.02 -35"><span class='ocrx_word' id='word_1_185' title='bbox 200 2281 241 2345; x_wconf 90' lang='lat' dir='ltr'><strong><em>de</em></strong></span> <span class='ocrx_word' id='word_1_186' title='bbox 258 2281 324 2345; x_wconf 85' lang='lat' dir='ltr'><strong><em>Off.</em></strong></span> <span class='ocrx_word' id='word_1_187' title='bbox 347 2287 376 2361; x_wconf 84' lang='lat'><strong><em>1,</em></strong></span> <span class='ocrx_word' id='word_1_188' title='bbox 392 2285 423 2345; x_wconf 88' lang='lat'><strong><em>9.</em></strong></span> <span class='ocrx_word' id='word_1_189' title='bbox 444 2304 478 2367; x_wconf 92' lang='lat' dir='ltr'><strong><em>p.</em></strong></span> <span class='ocrx_word' id='word_1_190' title='bbox 495 2281 546 2346; x_wconf 79' lang='grc'><strong><em>64.</em></strong></span> <span class='ocrx_word' id='word_1_191' title='bbox 572 2287 603 2359; x_wconf 81' lang='lat'><strong><em>2,</em></strong></span> <span class='ocrx_word' id='word_1_192' title='bbox 623 2287 673 2360; x_wconf 88' lang='grc'><strong><em>18,</em></strong></span> <span class='ocrx_word' id='word_1_193' title='bbox 690 2289 744 2348; x_wconf 83' lang='grc'><strong><em>68.</em></strong></span> <span class='ocrx_word' id='word_1_194' title='bbox 768 2307 801 2371; x_wconf 90' lang='lat' dir='ltr'><strong><em>p.</em></strong></span> <span class='ocrx_word' id='word_1_195' title='bbox 822 2287 906 2374; x_wconf 80' lang='lat'><strong><em>123.)</em></strong></span> <span class='ocrx_word' id='word_1_196' title='bbox 925 2291 1133 2378; x_wconf 80' lang='lat' dir='ltr'><strong><em>imputemus</em></strong></span> <span class='ocrx_word' id='word_1_197' title='bbox 1149 2299 1259 2365; x_wconf 87' lang='lat' dir='ltr'><strong><em>abun-</em></strong></span> 
     </span>
     <span class='ocr_line' id='line_1_24' title="bbox 199 2367 1258 2454; baseline 0.021 -24"><span class='ocrx_word' id='word_1_198' title='bbox 199 2367 329 2432; x_wconf 85' lang='lat' dir='ltr'><strong><em>dantiae</em></strong></span> <span class='ocrx_word' id='word_1_199' title='bbox 348 2367 449 2454; x_wconf 85' lang='lat' dir='ltr'><strong><em>gralia</em></strong></span> <span class='ocrx_word' id='word_1_200' title='bbox 471 2367 654 2450; x_wconf 87' lang='lat' dir='ltr'><strong><em>adiectum,</em></strong></span> <span class='ocrx_word' id='word_1_201' title='bbox 675 2369 733 2435; x_wconf 87' lang='lat' dir='ltr'><strong><em>ubi</em></strong></span> <span class='ocrx_word' id='word_1_202' title='bbox 748 2374 841 2436; x_wconf 84' lang='lat' dir='ltr'><strong><em>notio</em></strong></span> <span class='ocrx_word' id='word_1_203' title='bbox 859 2377 1010 2442; x_wconf 83' lang='lat' dir='ltr'><strong><em>caussalis</em></strong></span> <span class='ocrx_word' id='word_1_204' title='bbox 1029 2381 1063 2444; x_wconf 91' lang='lat' dir='ltr'><strong><em>in</em></strong></span> <span class='ocrx_word' id='word_1_205' title='bbox 1076 2385 1258 2452; x_wconf 78' lang='lat' dir='ltr'><strong><em>&#39;notionem</em></strong></span> 
     </span>
     <span class='ocr_line' id='line_1_25' title="bbox 201 2453 1258 2541; baseline 0.019 -23"><span class='ocrx_word' id='word_1_206' title='bbox 201 2453 401 2518; x_wconf 81' lang='lat' dir='ltr'><strong><em>conditionis</em></strong></span> <span class='ocrx_word' id='word_1_207' title='bbox 417 2454 484 2518; x_wconf 87' lang='lat' dir='ltr'><strong><em>sive</em></strong></span> <span class='ocrx_word' id='word_1_208' title='bbox 500 2457 665 2541; x_wconf 86' lang='lat' dir='ltr'><strong><em>temporis&#39;</em></strong></span> <span class='ocrx_word' id='word_1_209' title='bbox 677 2466 804 2522; x_wconf 82' lang='lat' dir='ltr'><strong><em>mutata</em></strong></span> <span class='ocrx_word' id='word_1_210' title='bbox 821 2471 878 2541; x_wconf 87' lang='lat' dir='ltr'><strong><em>est,</em></strong></span> <span class='ocrx_word' id='word_1_211' title='bbox 901 2483 967 2527; x_wconf 85' lang='lat' dir='ltr'><strong><em>neu</em></strong></span> <span class='ocrx_word' id='word_1_212' title='bbox 986 2485 1062 2528; x_wconf 87' lang='lat' dir='ltr'><strong><em>cum</em></strong></span> <span class='ocrx_word' id='word_1_213' title='bbox 1082 2469 1152 2534; x_wconf 89' lang='lat' dir='ltr'><strong><em>aliis</em></strong></span> <span class='ocrx_word' id='word_1_214' title='bbox 1170 2472 1258 2538; x_wconf 87' lang='lat' dir='ltr'><strong><em>diea-</em></strong></span> 
     </span>
     <span class='ocr_line' id='line_1_26' title="bbox 199 2539 1259 2634; baseline 0.023 -32"><span class='ocrx_word' id='word_1_215' title='bbox 199 2561 296 2620; x_wconf 84' lang='lat' dir='ltr'><strong><em>mus,</em></strong></span> <span class='ocrx_word' id='word_1_216' title='bbox 333 2539 461 2602; x_wconf 83' lang='lat' dir='ltr'><strong><em>Livium</em></strong></span> <span class='ocrx_word' id='word_1_217' title='bbox 496 2563 593 2626; x_wconf 88' lang='lat' dir='ltr'><strong><em>saepe</em></strong></span> <span class='ocrx_word' id='word_1_218' title='bbox 627 2544 778 2607; x_wconf 85' lang='lat' dir='ltr'><strong><em>omisisse</em></strong></span> <span class='ocrx_word' id='word_1_219' title='bbox 815 2549 1111 2634; x_wconf 84' lang='lat' dir='ltr'><strong><em>praepositionem.</em></strong></span> <span class='ocrx_word' id='word_1_220' title='bbox 1169 2559 1259 2625; x_wconf 88' lang='lat' dir='ltr'><strong><em>Nam</em></strong></span> 
     </span>
     <span class='ocr_line' id='line_1_27' title="bbox 200 2623 1259 2722; baseline 0.02 -32"><span class='ocrx_word' id='word_1_221' title='bbox 200 2627 298 2690; x_wconf 85' lang='lat' dir='ltr'><strong><em>etiam</em></strong></span> <span class='ocrx_word' id='word_1_222' title='bbox 314 2623 473 2688; x_wconf 79' lang='lat' dir='ltr'><strong><em>Matthiae</em></strong></span> <span class='ocrx_word' id='word_1_223' title='bbox 493 2636 600 2703; x_wconf 84' lang='lat' dir='ltr'><strong><em>errat,</em></strong></span> <span class='ocrx_word' id='word_1_224' title='bbox 626 2647 730 2710; x_wconf 87' lang='lat' dir='ltr'><strong><em>qaum</em></strong></span> <span class='ocrx_word' id='word_1_225' title='bbox 748 2629 798 2693; x_wconf 81' lang='lat' dir='ltr'><strong><em>ad</em></strong></span> <span class='ocrx_word' id='word_1_226' title='bbox 808 2632 877 2718; x_wconf 72' lang='lat' dir='ltr'><strong><em>Cic.</em></strong></span> <span class='ocrx_word' id='word_1_227' title='bbox 901 2635 1008 2722; x_wconf 83' lang='lat' dir='ltr'><strong><em>Epist.</em></strong></span> <span class='ocrx_word' id='word_1_228' title='bbox 1023 2643 1076 2718; x_wconf 79' lang='lat'><strong><em>32,</em></strong></span> <span class='ocrx_word' id='word_1_229' title='bbox 1094 2645 1144 2707; x_wconf 91' lang='grc'><strong><em>10.</em></strong></span> <span class='ocrx_word' id='word_1_230' title='bbox 1166 2656 1198 2709; x_wconf 86' lang='lat' dir='ltr'><strong><em>et</em></strong></span> <span class='ocrx_word' id='word_1_231' title='bbox 1216 2647 1259 2711; x_wconf 90' lang='lat' dir='ltr'><strong><em>ad</em></strong></span> 
     </span>
     <span class='ocr_line' id='line_1_28' title="bbox 198 2711 1258 2800; baseline 0.023 -27"><span class='ocrx_word' id='word_1_232' title='bbox 198 2711 294 2774; x_wconf 82' lang='lat' dir='ltr'><strong><em>Catil.</em></strong></span> <span class='ocrx_word' id='word_1_233' title='bbox 312 2715 349 2784; x_wconf 80' lang='lat'><strong><em>3,</em></strong></span> <span class='ocrx_word' id='word_1_234' title='bbox 365 2715 403 2784; x_wconf 84' lang='lat'><strong><em>3,</em></strong></span> <span class='ocrx_word' id='word_1_235' title='bbox 421 2712 454 2772; x_wconf 85' lang='lat'><strong><em>6.</em></strong></span> <span class='ocrx_word' id='word_1_236' title='bbox 475 2721 612 2791; x_wconf 85' lang='lat' dir='ltr'><strong><em>monet,</em></strong></span> <span class='ocrx_word' id='word_1_237' title='bbox 634 2713 832 2779; x_wconf 84' lang='lat' dir='ltr'><strong><em>Ciceronem</em></strong></span> <span class='ocrx_word' id='word_1_238' title='bbox 849 2719 1019 2786; x_wconf 86' lang='lat' dir='ltr'><strong><em>interdum</em></strong></span> <span class='ocrx_word' id='word_1_239' title='bbox 1044 2725 1081 2788; x_wconf 86' lang='lat' dir='ltr'><strong><em>ia</em></strong></span> <span class='ocrx_word' id='word_1_240' title='bbox 1105 2731 1258 2800; x_wconf 84' lang='lat' dir='ltr'><strong><em>omisisse</em></strong></span> 
     </span>
     <span class='ocr_line' id='line_1_29' title="bbox 195 2793 1258 2884; baseline 0.024 -26"><span class='ocrx_word' id='word_1_241' title='bbox 195 2795 230 2858; x_wconf 91' lang='lat' dir='ltr'><strong><em>in</em></strong></span> <span class='ocrx_word' id='word_1_242' title='bbox 248 2793 429 2882; x_wconf 79' lang='lat' dir='ltr'><strong><em>gennadio,</em></strong></span> <span class='ocrx_word' id='word_1_243' title='bbox 455 2795 544 2878; x_wconf 87' lang='lat' dir='ltr'><strong><em>quod</em></strong></span> <span class='ocrx_word' id='word_1_244' title='bbox 570 2806 702 2884; x_wconf 78' lang='lat' dir='ltr'><strong><em>tempus</em></strong></span> <span class='ocrx_word' id='word_1_245' title='bbox 719 2801 892 2869; x_wconf 85' lang='lat' dir='ltr'><strong><em>iudicaret.</em></strong></span> <span class='ocrx_word' id='word_1_246' title='bbox 937 2807 1029 2872; x_wconf 89' lang='lat' dir='ltr'><strong><em>Idem</em></strong></span> <span class='ocrx_word' id='word_1_247' title='bbox 1053 2821 1167 2879; x_wconf 84' lang='lat' dir='ltr'><strong><em>tamen</em></strong></span> <span class='ocrx_word' id='word_1_248' title='bbox 1190 2839 1258 2883; x_wconf 89' lang='lat' dir='ltr'><strong><em>nu-</em></strong></span> 
     </span>
     <span class='ocr_line' id='line_1_30' title="bbox 196 2877 1356 2988; baseline 0.023 -43"><span class='ocrx_word' id='word_1_249' title='bbox 196 2903 258 2972; x_wconf 88' lang='lat' dir='ltr'><strong><em>per</em></strong></span> <span class='ocrx_word' id='word_1_250' title='bbox 275 2881 374 2946; x_wconf 85' lang='lat' dir='ltr'><strong><em>etiam</em></strong></span> <span class='ocrx_word' id='word_1_251' title='bbox 394 2877 573 2946; x_wconf 85' lang='lat' dir='ltr'><strong><em>affirmavit</em></strong></span> <span class='ocrx_word' id='word_1_252' title='bbox 587 2883 780 2951; x_wconf 86' lang='lat' dir='ltr'><strong><em>Wundesus</em></strong></span> <span class='ocrx_word' id='word_1_253' title='bbox 798 2887 838 2952; x_wconf 89' lang='lat' dir='ltr'><strong><em>ad</em></strong></span> <span class='ocrx_word' id='word_1_254' title='bbox 857 2890 926 2956; x_wconf 92' lang='lat' dir='ltr'><strong><em>Cic.</em></strong></span> <span class='ocrx_word' id='word_1_255' title='bbox 945 2916 979 2981; x_wconf 91' lang='lat' dir='ltr'><strong><em>p.</em></strong></span> <span class='ocrx_word' id='word_1_256' title='bbox 994 2895 1104 2963; x_wconf 88' lang='lat' dir='ltr'><strong><em>Planc.</em></strong></span> <span class='ocrx_word' id='word_1_257' title='bbox 1129 2923 1165 2988; x_wconf 89' lang='lat' dir='ltr'><strong><em>p.</em></strong></span> <span class='ocrx_word' id='word_1_258' title='bbox 1181 2907 1238 2969; x_wconf 92' lang='grc'><strong>80.</strong></span> <span class='ocrx_word' id='word_1_259' title='bbox 1353 2921 1356 2926; x_wconf 81' lang='grc'>’</span> 
     </span>
    </p>
   </div>
   <div class='ocr_carea' id='block_1_9' title="bbox 106 2997 1351 4040">
    <p class='ocr_par' dir='ltr' id='par_1_14' title="bbox 150 2997 1351 3356">
     <span class='ocr_line' id='line_1_31' title="bbox 299 2997 1258 3088; baseline 0.025 -33"><span class='ocrx_word' id='word_1_260' title='bbox 299 3000 357 3056; x_wconf 77' lang='lat' dir='ltr'><strong><em>cu.</em></strong></span> <span class='ocrx_word' id='word_1_261' title='bbox 375 3001 408 3054; x_wconf 77' lang='grc'><strong>6.</strong></span> <span class='ocrx_word' id='word_1_262' title='bbox 423 2998 477 3052; x_wconf 82' lang='grc'><strong>06.</strong></span> <span class='ocrx_word' id='word_1_263' title='bbox 492 3000 518 3066; x_wconf 88' lang='grc'><strong><em>1,</em></strong></span> <span class='ocrx_word' id='word_1_264' title='bbox 532 3001 559 3068; x_wconf 84' lang='lat' dir='ltr'><strong><em>a,</em></strong></span> <span class='ocrx_word' id='word_1_265' title='bbox 574 3001 602 3055; x_wconf 82' lang='grc'><strong><em>6.</em></strong></span> <span class='ocrx_word' id='word_1_266' title='bbox 617 3007 668 3072; x_wconf 78' lang='lat' dir='ltr'><strong><em>fle,</em></strong></span> <span class='ocrx_word' id='word_1_267' title='bbox 688 3013 718 3060; x_wconf 81' lang='lat' dir='ltr'><strong><em>u</em></strong></span> <span class='ocrx_word' id='word_1_268' title='bbox 733 3007 894 3064; x_wconf 61' lang='lat' dir='ltr'><strong><em>aestuatum</em></strong></span> <span class='ocrx_word' id='word_1_269' title='bbox 908 2997 943 3066; x_wconf 82' lang='grc'><strong>’6.</strong></span> <span class='ocrx_word' id='word_1_270' title='bbox 958 3015 1127 3088; x_wconf 65' lang='lat' dir='ltr'><strong><em>catanance</em></strong></span> <span class='ocrx_word' id='word_1_271' title='bbox 1142 3023 1258 3080; x_wconf 67' lang='lat' dir='ltr'><strong><em>aarum.</em></strong></span> 
     </span>
     <span class='ocr_line' id='line_1_32' title="bbox 150 3085 1258 3165; baseline 0.021 -28"><span class='ocrx_word' id='word_1_272' title='bbox 150 3151 152 3159; x_wconf 37' lang='grc' dir='ltr'>Ι</span> <span class='ocrx_word' id='word_1_273' title='bbox 231 3089 235 3097; x_wconf 84' lang='grc'>’</span> <span class='ocrx_word' id='word_1_274' title='bbox 260 3087 296 3140; x_wconf 85' lang='lat' dir='ltr'><strong><em>nd</em></strong></span> <span class='ocrx_word' id='word_1_275' title='bbox 315 3087 393 3144; x_wconf 81' lang='lat' dir='ltr'><strong><em>Fam.</em></strong></span> <span class='ocrx_word' id='word_1_276' title='bbox 406 3088 432 3152; x_wconf 96' lang='grc'><strong><em>2,</em></strong></span> <span class='ocrx_word' id='word_1_277' title='bbox 448 3085 474 3152; x_wconf 92' lang='grc'><strong><em>6,</em></strong></span> <span class='ocrx_word' id='word_1_278' title='bbox 487 3087 513 3142; x_wconf 78' lang='grc'><strong><em>6.</em></strong></span> <span class='ocrx_word' id='word_1_279' title='bbox 530 3107 610 3158; x_wconf 77' lang='lat' dir='ltr'><strong><em>neque</em></strong></span> <span class='ocrx_word' id='word_1_280' title='bbox 627 3093 696 3144; x_wconf 88' lang='lat' dir='ltr'><strong><em>cuim</em></strong></span> <span class='ocrx_word' id='word_1_281' title='bbox 710 3110 769 3146; x_wconf 88' lang='lat' dir='ltr'><strong><em>sum</em></strong></span> <span class='ocrx_word' id='word_1_282' title='bbox 781 3097 894 3161; x_wconf 84' lang='lat' dir='ltr'><strong><em>neritus,</em></strong></span> <span class='ocrx_word' id='word_1_283' title='bbox 912 3116 946 3152; x_wconf 89' lang='lat' dir='ltr'><strong><em>ue</em></strong></span> <span class='ocrx_word' id='word_1_284' title='bbox 960 3101 1083 3154; x_wconf 85' lang='lat' dir='ltr'><strong><em>sustinere</em></strong></span> <span class='ocrx_word' id='word_1_285' title='bbox 1096 3111 1146 3158; x_wconf 86' lang='lat' dir='ltr'><strong><em>tun</em></strong></span> <span class='ocrx_word' id='word_1_286' title='bbox 1164 3107 1193 3159; x_wconf 89' lang='lat' dir='ltr'><strong><em>in</em></strong></span> <span class='ocrx_word' id='word_1_287' title='bbox 1213 3128 1258 3165; x_wconf 79' lang='lat' dir='ltr'><strong><em>me</em></strong></span> 
     </span>
     <span class='ocr_line' id='line_1_33' title="bbox 258 3172 1257 3257; baseline 0.021 -31"><span class='ocrx_word' id='word_1_288' title='bbox 258 3172 301 3226; x_wconf 75' lang='lat' dir='ltr'><strong><em>&#39;cel</em></strong></span> <span class='ocrx_word' id='word_1_289' title='bbox 314 3175 517 3226; x_wconf 78' lang='lat' dir='ltr'><strong><em>innumerabilia</em></strong></span> <span class='ocrx_word' id='word_1_290' title='bbox 532 3188 584 3228; x_wconf 84' lang='lat' dir='ltr'><strong><em>non</em></strong></span> <span class='ocrx_word' id='word_1_291' title='bbox 595 3193 713 3244; x_wconf 84' lang='lat' dir='ltr'><strong><em>possem,</em></strong></span> <span class='ocrx_word' id='word_1_292' title='bbox 733 3195 812 3248; x_wconf 79' lang='lat' dir='ltr'><strong><em>quum</em></strong></span> <span class='ocrx_word' id='word_1_293' title='bbox 824 3185 980 3249; x_wconf 82' lang='lat' dir='ltr'><strong><em>praesertim</em></strong></span> <span class='ocrx_word' id='word_1_294' title='bbox 1003 3188 1174 3257; x_wconf 74' lang='lat' dir='ltr'><strong><em>confiderem,</em></strong></span> <span class='ocrx_word' id='word_1_295' title='bbox 1192 3197 1257 3248; x_wconf 88' lang='lat' dir='ltr'><strong><em>uul-</em></strong></span> 
     </span>
     <span class='ocr_line' id='line_1_34' title="bbox 172 3257 1351 3356; baseline 0.027 -52"><span class='ocrx_word' id='word_1_296' title='bbox 172 3272 174 3282; x_wconf 72' lang='lat'><strong><em>¹</em></strong></span> <span class='ocrx_word' id='word_1_297' title='bbox 260 3257 313 3307; x_wconf 78' lang='lat' dir='ltr'><strong><em>laen</em></strong></span> <span class='ocrx_word' id='word_1_298' title='bbox 322 3266 380 3308; x_wconf 70' lang='lat' dir='ltr'><strong><em>‘esse</em></strong></span> <span class='ocrx_word' id='word_1_299' title='bbox 393 3260 530 3326; x_wconf 79' lang='lat' dir='ltr'><strong><em>gratiam,</em></strong></span> <span class='ocrx_word' id='word_1_300' title='bbox 549 3276 629 3326; x_wconf 79' lang='lat' dir='ltr'><strong><em>quam</em></strong></span> <span class='ocrx_word' id='word_1_301' title='bbox 646 3262 687 3312; x_wconf 88' lang='lat' dir='ltr'><strong><em>cel</em></strong></span> <span class='ocrx_word' id='word_1_302' title='bbox 699 3279 750 3314; x_wconf 87' lang='lat' dir='ltr'><strong><em>nau</em></strong></span> <span class='ocrx_word' id='word_1_303' title='bbox 765 3281 856 3334; x_wconf 83' lang='lat' dir='ltr'><strong><em>capere</em></strong></span> <span class='ocrx_word' id='word_1_304' title='bbox 873 3269 984 3320; x_wconf 81' lang='lat' dir='ltr'><strong><em>animus</em></strong></span> <span class='ocrx_word' id='word_1_305' title='bbox 998 3287 1070 3324; x_wconf 88' lang='lat' dir='ltr'><strong><em>meus</em></strong></span> <span class='ocrx_word' id='word_1_306' title='bbox 1083 3275 1109 3325; x_wconf 88' lang='lat' dir='ltr'><strong><em>in</em></strong></span> <span class='ocrx_word' id='word_1_307' title='bbox 1123 3278 1258 3348; x_wconf 84' lang='lat' dir='ltr'><strong><em>accipien-</em></strong></span> <span class='ocrx_word' id='word_1_308' title='bbox 1345 3343 1351 3356; x_wconf 35' lang='grc' dir='ltr'><strong><em>ι</em></strong></span> 
     </span>
    </p>

    <p class='ocr_par' dir='ltr' id='par_1_15' title="bbox 242 3339 1257 3604">
     <span class='ocr_line' id='line_1_35' title="bbox 242 3339 1256 3424; baseline 0.029 -35"><span class='ocrx_word' id='word_1_309' title='bbox 242 3403 244 3407; x_wconf 18' lang='grc' dir='ltr'>ι</span> <span class='ocrx_word' id='word_1_310' title='bbox 260 3339 294 3390; x_wconf 87' lang='lat' dir='ltr'><strong><em>dc</em></strong></span> <span class='ocrx_word' id='word_1_311' title='bbox 312 3340 352 3390; x_wconf 88' lang='lat' dir='ltr'><strong><em>cel</em></strong></span> <span class='ocrx_word' id='word_1_312' title='bbox 367 3341 394 3392; x_wconf 86' lang='lat' dir='ltr'><strong><em>in</em></strong></span> <span class='ocrx_word' id='word_1_313' title='bbox 407 3343 594 3394; x_wconf 81' lang='lat' dir='ltr'><strong><em>remunerando</em></strong></span> <span class='ocrx_word' id='word_1_314' title='bbox 609 3345 742 3399; x_wconf 85' lang='lat' dir='ltr'><strong><em>cumulare</em></strong></span> <span class='ocrx_word' id='word_1_315' title='bbox 755 3357 835 3416; x_wconf 86' lang='lat' dir='ltr'><strong><em>atque</em></strong></span> <span class='ocrx_word' id='word_1_316' title='bbox 851 3345 986 3406; x_wconf 69' lang='lat' dir='ltr'><strong><em>illudente</em></strong></span> <span class='ocrx_word' id='word_1_317' title='bbox 1004 3367 1099 3424; x_wconf 89' lang='lat' dir='ltr'><strong><em>posset.</em></strong></span> <span class='ocrx_word' id='word_1_318' title='bbox 1133 3359 1168 3413; x_wconf 83' lang='lat' dir='ltr'><strong><em>de</em></strong></span> <span class='ocrx_word' id='word_1_319' title='bbox 1190 3363 1256 3419; x_wconf 68' lang='lat' dir='ltr'><strong><em>rin.</em></strong></span> 
     </span>
     <span class='ocr_line' id='line_1_36' title="bbox 259 3409 1257 3510; baseline 0.029 -36"><span class='ocrx_word' id='word_1_320' title='bbox 259 3423 286 3487; x_wconf 88' lang='grc'><strong><em>2,</em></strong></span> <span class='ocrx_word' id='word_1_321' title='bbox 301 3409 327 3488; x_wconf 88' lang='grc'><strong><em>9,</em></strong></span> <span class='ocrx_word' id='word_1_322' title='bbox 343 3421 389 3476; x_wconf 86' lang='grc'><strong>26.</strong></span> <span class='ocrx_word' id='word_1_323' title='bbox 409 3425 530 3478; x_wconf 86' lang='lat' dir='ltr'><strong><em>uitiosum</em></strong></span> <span class='ocrx_word' id='word_1_324' title='bbox 545 3434 582 3480; x_wconf 85' lang='lat' dir='ltr'><strong><em>eet</em></strong></span> <span class='ocrx_word' id='word_1_325' title='bbox 599 3429 709 3494; x_wconf 72' lang='lat' dir='ltr'><strong><em>enimin</em></strong></span> <span class='ocrx_word' id='word_1_326' title='bbox 724 3432 974 3504; x_wconf 86' lang='lat' dir='ltr'><strong><em>diuidendcpartem</em></strong></span> <span class='ocrx_word' id='word_1_327' title='bbox 994 3439 1024 3491; x_wconf 87' lang='lat' dir='ltr'><strong><em>in</em></strong></span> <span class='ocrx_word' id='word_1_328' title='bbox 1046 3427 1141 3510; x_wconf 75' lang='lat' dir='ltr'><strong><em>¹gessere</em></strong></span> <span class='ocrx_word' id='word_1_329' title='bbox 1161 3465 1257 3503; x_wconf 56' lang='lat' dir='ltr'><strong><em>nume</em></strong></span> 
     </span>
     <span class='ocr_line' id='line_1_37' title="bbox 258 3507 1257 3604; baseline 0.031 -46"><span class='ocrx_word' id='word_1_330' title='bbox 258 3523 328 3560; x_wconf 79' lang='lat' dir='ltr'><strong><em>scre.</em></strong></span> <span class='ocrx_word' id='word_1_331' title='bbox 354 3507 380 3574; x_wconf 89' lang='grc'><strong><em>2,</em></strong></span> <span class='ocrx_word' id='word_1_332' title='bbox 396 3508 422 3572; x_wconf 94' lang='grc'><strong><em>1,</em></strong></span> <span class='ocrx_word' id='word_1_333' title='bbox 437 3508 462 3562; x_wconf 80' lang='grc'><strong>3.</strong></span> <span class='ocrx_word' id='word_1_334' title='bbox 485 3509 600 3578; x_wconf 80' lang='lat' dir='ltr'><strong><em>Quintil.</em></strong></span> <span class='ocrx_word' id='word_1_335' title='bbox 616 3511 660 3578; x_wconf 84' lang='lat'><strong><em>1⁰,</em></strong></span> <span class='ocrx_word' id='word_1_336' title='bbox 676 3513 703 3581; x_wconf 82' lang='grc'><strong><em>6,</em></strong></span> <span class='ocrx_word' id='word_1_337' title='bbox 719 3515 762 3570; x_wconf 89' lang='grc'><strong><em>22.</em></strong></span> <span class='ocrx_word' id='word_1_338' title='bbox 780 3517 808 3569; x_wconf 87' lang='lat' dir='ltr'><strong><em>in</em></strong></span> <span class='ocrx_word' id='word_1_339' title='bbox 823 3519 957 3576; x_wconf 83' lang='lat' dir='ltr'><strong><em>dictando.</em></strong></span> <span class='ocrx_word' id='word_1_340' title='bbox 973 3522 1017 3588; x_wconf 90' lang='grc'><strong><em>12,</em></strong></span> <span class='ocrx_word' id='word_1_341' title='bbox 1032 3524 1058 3592; x_wconf 75' lang='lat' dir='ltr'><strong><em>a,</em></strong></span> <span class='ocrx_word' id='word_1_342' title='bbox 1072 3527 1098 3582; x_wconf 93' lang='lat'><strong><em>1.</em></strong></span> <span class='ocrx_word' id='word_1_343' title='bbox 1115 3527 1153 3582; x_wconf 79' lang='lat' dir='ltr'><strong><em>iu¹</em></strong></span> <span class='ocrx_word' id='word_1_344' title='bbox 1166 3550 1257 3604; x_wconf 78' lang='lat' dir='ltr'><strong><em>agem-</em></strong></span> 
     </span>
    </p>

    <p class='ocr_par' dir='ltr' id='par_1_16' title="bbox 260 3591 761 3662">
     <span class='ocr_line' id='line_1_38' title="bbox 260 3591 761 3662; baseline 0.024 -18"><span class='ocrx_word' id='word_1_345' title='bbox 260 3591 301 3644; x_wconf 90' lang='lat' dir='ltr'><strong><em>dc.</em></strong></span> <span class='ocrx_word' id='word_1_346' title='bbox 321 3599 349 3646; x_wconf 87' lang='lat' dir='ltr'><strong><em>et</em></strong></span> <span class='ocrx_word' id='word_1_347' title='bbox 362 3609 443 3662; x_wconf 85' lang='lat' dir='ltr'><strong><em>saepe</em></strong></span> <span class='ocrx_word' id='word_1_348' title='bbox 459 3593 536 3650; x_wconf 88' lang='lat' dir='ltr'><strong><em>alins.</em></strong></span> <span class='ocrx_word' id='word_1_349' title='bbox 758 3628 761 3633; x_wconf 96' lang='lat'>·</span> 
     </span>
    </p>

    <p class='ocr_par' dir='ltr' id='par_1_17' title="bbox 256 3693 1257 3952">
     <span class='ocr_line' id='line_1_39' title="bbox 294 3693 1257 3780; baseline 0.028 -34"><span class='ocrx_word' id='word_1_350' title='bbox 294 3693 372 3747; x_wconf 81' lang='lat' dir='ltr'><strong><em>Caes.</em></strong></span> <span class='ocrx_word' id='word_1_351' title='bbox 387 3698 421 3750; x_wconf 90' lang='lat' dir='ltr'><strong><em>B.</em></strong></span> <span class='ocrx_word' id='word_1_352' title='bbox 440 3698 508 3768; x_wconf 81' lang='lat' dir='ltr'><strong><em>gali.</em></strong></span> <span class='ocrx_word' id='word_1_353' title='bbox 526 3698 566 3770; x_wconf 81' lang='grc'><strong><em>2,</em></strong></span> <span class='ocrx_word' id='word_1_354' title='bbox 577 3698 621 3752; x_wconf 90' lang='grc'><strong><em>21.</em></strong></span> <span class='ocrx_word' id='word_1_355' title='bbox 645 3701 682 3754; x_wconf 87' lang='lat' dir='ltr'><strong><em>nd</em></strong></span> <span class='ocrx_word' id='word_1_356' title='bbox 694 3701 903 3771; x_wconf 78' lang='lat' dir='ltr'><strong><em>lcaec&#39;ccnstitit‚</em></strong></span> <span class='ocrx_word' id='word_1_357' title='bbox 924 3725 958 3762; x_wconf 88' lang='lat' dir='ltr'><strong><em>ue</em></strong></span> <span class='ocrx_word' id='word_1_358' title='bbox 978 3709 1007 3762; x_wconf 87' lang='lat' dir='ltr'><strong><em>in</em></strong></span> <span class='ocrx_word' id='word_1_359' title='bbox 1022 3717 1178 3780; x_wconf 72' lang='lat' dir='ltr'><strong><em>quaerendis</em></strong></span> <span class='ocrx_word' id='word_1_360' title='bbox 1198 3722 1257 3774; x_wconf 79' lang='lat' dir='ltr'><strong><em>suis</em></strong></span> 
     </span>
     <span class='ocr_line' id='line_1_40' title="bbox 258 3779 1256 3858; baseline 0.03 -30"><span class='ocrx_word' id='word_1_361' title='bbox 258 3781 401 3848; x_wconf 77' lang='lat' dir='ltr'><strong><em>pugnandi</em></strong></span> <span class='ocrx_word' id='word_1_362' title='bbox 413 3789 513 3852; x_wconf 85' lang='lat' dir='ltr'><strong><em>tempus</em></strong></span> <span class='ocrx_word' id='word_1_363' title='bbox 527 3779 672 3838; x_wconf 74' lang='lat' dir='ltr'><strong><em>dimittelet·</em></strong></span> <span class='ocrx_word' id='word_1_364' title='bbox 700 3785 756 3840; x_wconf 84' lang='lat' dir='ltr'><strong><em>cic.</em></strong></span> <span class='ocrx_word' id='word_1_365' title='bbox 770 3787 799 3840; x_wconf 88' lang='lat' dir='ltr'><strong><em>in</em></strong></span> <span class='ocrx_word' id='word_1_366' title='bbox 815 3779 901 3843; x_wconf 67' lang='lat' dir='ltr'><strong><em>catti</em></strong></span> <span class='ocrx_word' id='word_1_367' title='bbox 912 3789 939 3856; x_wconf 79' lang='grc'><strong><em>6,</em></strong></span> <span class='ocrx_word' id='word_1_368' title='bbox 953 3792 980 3858; x_wconf 80' lang='lat'><strong><em>3,</em></strong></span> <span class='ocrx_word' id='word_1_369' title='bbox 995 3791 1022 3847; x_wconf 92' lang='grc'><strong><em>6.</em></strong></span> <span class='ocrx_word' id='word_1_370' title='bbox 1038 3799 1256 3857; x_wconf 81' lang='lat' dir='ltr'><strong><em>tardissime-uss-</em></strong></span> 
     </span>
     <span class='ocr_line' id='line_1_41' title="bbox 256 3863 1256 3952; baseline 0.027 -36"><span class='ocrx_word' id='word_1_371' title='bbox 256 3870 309 3916; x_wconf 88' lang='lat' dir='ltr'><strong><em>tem</em></strong></span> <span class='ocrx_word' id='word_1_372' title='bbox 330 3863 453 3919; x_wconf 83' lang='lat' dir='ltr'><strong><em>Lentulus</em></strong></span> <span class='ocrx_word' id='word_1_373' title='bbox 473 3870 558 3932; x_wconf 86' lang='lat' dir='ltr'><strong><em>uenit,</em></strong></span> <span class='ocrx_word' id='word_1_374' title='bbox 577 3871 754 3937; x_wconf 65' lang='lat' dir='ltr'><strong><em>ercomenon</em></strong></span> <span class='ocrx_word' id='word_1_375' title='bbox 776 3874 804 3926; x_wconf 86' lang='lat' dir='ltr'><strong><em>in</em></strong></span> <span class='ocrx_word' id='word_1_376' title='bbox 827 3876 1042 3933; x_wconf 82' lang='lat' dir='ltr'><strong><em>litteris-dandis</em></strong></span> <span class='ocrx_word' id='word_1_377' title='bbox 1060 3891 1170 3952; x_wconf 79' lang='lat' dir='ltr'><strong><em>praeter</em></strong></span> <span class='ocrx_word' id='word_1_378' title='bbox 1188 3905 1256 3942; x_wconf 89' lang='lat' dir='ltr'><strong><em>con-</em></strong></span> 
     </span>
    </p>

    <p class='ocr_par' dir='ltr' id='par_1_18' title="bbox 106 3935 1257 4040">
     <span class='ocr_line' id='line_1_42' title="bbox 106 3935 1257 4040; baseline 0.029 -47"><span class='ocrx_word' id='word_1_379' title='bbox 106 3935 109 3944; x_wconf 80' lang='grc'><strong>’</strong></span> <span class='ocrx_word' id='word_1_380' title='bbox 160 4011 167 4025; x_wconf 92' lang='lat'><strong><em>.</em></strong></span> <span class='ocrx_word' id='word_1_381' title='bbox 256 3949 416 4002; x_wconf 85' lang='lat' dir='ltr'><strong><em>suetudinem</em></strong></span> <span class='ocrx_word' id='word_1_382' title='bbox 428 3954 550 4020; x_wconf 78' lang='lat' dir='ltr'><strong><em>proxima</em></strong></span> <span class='ocrx_word' id='word_1_383' title='bbox 563 3954 786 4024; x_wconf 79' lang='lat' dir='ltr'><strong><em>uncteuigilarnt.</em></strong></span> <span class='ocrx_word' id='word_1_384' title='bbox 819 3959 854 4012; x_wconf 86' lang='lat' dir='ltr'><strong><em>dc</em></strong></span> <span class='ocrx_word' id='word_1_385' title='bbox 871 3961 926 4015; x_wconf 83' lang='lat' dir='ltr'><strong><em>0ff.</em></strong></span> <span class='ocrx_word' id='word_1_386' title='bbox 942 3963 968 4030; x_wconf 87' lang='lat'><strong><em>1,</em></strong></span> <span class='ocrx_word' id='word_1_387' title='bbox 984 3965 1010 4031; x_wconf 78' lang='lat'><strong><em>9,</em></strong></span> <span class='ocrx_word' id='word_1_388' title='bbox 1025 3955 1112 4020; x_wconf 70' lang='grc'><strong>21166</strong></span> <span class='ocrx_word' id='word_1_389' title='bbox 1133 3972 1257 4040; x_wconf 80' lang='lat' dir='ltr'><strong><em>inseren-</em></strong></span> 
     </span>
    </p>
   </div>
   <div class='ocr_carea' id='block_1_10' title="bbox 255 4033 1255 4207">
    <p class='ocr_par' dir='ltr' id='par_1_19' title="bbox 255 4033 1255 4207">
     <span class='ocr_line' id='line_1_43' title="bbox 255 4033 1255 4132; baseline 0.028 -48"><span class='ocrx_word' id='word_1_390' title='bbox 255 4033 292 4084; x_wconf 84' lang='lat' dir='ltr'><strong><em>du</em></strong></span> <span class='ocrx_word' id='word_1_391' title='bbox 309 4047 353 4084; x_wconf 65' lang='lat' dir='ltr'><strong><em>ue.</em></strong></span> <span class='ocrx_word' id='word_1_392' title='bbox 365 4035 407 4086; x_wconf 90' lang='lat' dir='ltr'><strong><em>cui</em></strong></span> <span class='ocrx_word' id='word_1_393' title='bbox 428 4043 539 4088; x_wconf 87' lang='lat' dir='ltr'><strong><em>noceant</em></strong></span> <span class='ocrx_word' id='word_1_394' title='bbox 553 4037 658 4102; x_wconf 66' lang='lat' dir='ltr'><strong><em>incuria.</em></strong></span> <span class='ocrx_word' id='word_1_395' title='bbox 690 4039 739 4094; x_wconf 86' lang='lat' dir='ltr'><strong><em>ubi</em></strong></span> <span class='ocrx_word' id='word_1_396' title='bbox 752 4043 918 4118; x_wconf 75' lang='lat' dir='ltr'><strong><em>Heusinger.</em></strong></span> <span class='ocrx_word' id='word_1_397' title='bbox 944 4050 1011 4106; x_wconf 76' lang='lat' dir='ltr'><strong><em>ntis</em></strong></span> <span class='ocrx_word' id='word_1_398' title='bbox 1031 4053 1147 4132; x_wconf 79' lang='lat' dir='ltr'><strong><em>contulit</em></strong></span> <span class='ocrx_word' id='word_1_399' title='bbox 1159 4055 1255 4110; x_wconf 63' lang='lat' dir='ltr'><strong><em>Genu·</em></strong></span> 
     </span>
     <span class='ocr_line' id='line_1_44' title="bbox 255 4114 775 4207; baseline 0.031 -40"><span class='ocrx_word' id='word_1_400' title='bbox 255 4114 358 4174; x_wconf 80' lang='lat' dir='ltr'><strong><em>hardus</em></strong></span> <span class='ocrx_word' id='word_1_401' title='bbox 371 4115 412 4178; x_wconf 76' lang='lat' dir='ltr'><strong><em>et</em></strong></span> <span class='ocrx_word' id='word_1_402' title='bbox 421 4117 479 4207; x_wconf 81' lang='lat' dir='ltr'><strong><em>cic.</em></strong></span> <span class='ocrx_word' id='word_1_403' title='bbox 495 4119 573 4178; x_wconf 76' lang='grc'><strong>1661</strong></span> <span class='ocrx_word' id='word_1_404' title='bbox 589 4121 615 4182; x_wconf 83' lang='grc'><strong>8.</strong></span> <span class='ocrx_word' id='word_1_405' title='bbox 631 4139 659 4191; x_wconf 86' lang='lat' dir='ltr'><strong><em>p.</em></strong></span> <span class='ocrx_word' id='word_1_406' title='bbox 675 4120 719 4180; x_wconf 79' lang='grc'><strong><em>65.</em></strong></span> <span class='ocrx_word' id='word_1_407' title='bbox 774 4159 775 4162; x_wconf 60' lang='lat'><em>=</em></span> 
     </span>
    </p>
   </div>
   <div class='ocr_carea' id='block_1_11' title="bbox 0 0 1374 4730">
    <p class='ocr_par' dir='ltr' id='par_1_20' title="bbox 0 0 1374 4730">
     <span class='ocr_line' id='line_1_45' title="bbox 0 0 1374 4730; baseline 0 3"><span class='ocrx_word' id='word_1_408' title='bbox 0 0 1374 4730; x_wconf 95' lang='lat' dir='ltr'><strong><em> </em></strong></span> 
     </span>
    </p>
   </div>
  </div>
 </body>
</html>
