2812 4732
56 3327 64 3356 ,
124 3338 127 3343 .

536 363 539 368 ,
603 286 668 356 ΙΝ.-
1098 293 1169 358 ses

171 444 263 510 26,1.
282 443 427 497 Ruhnken.
444 443 613 496 errorent.
636 444 719 498 Andr.
740 415 822 509 3',3‚
839 441 882 494 14.
916 395 1051 510 Exempla
1071 443 1158 500 mulla
1268 416 1273 432 ,
1345 509 1347 516 y

109 523 110 530 ¹
167 527 279 598 collegit
294 529 427 588 Hadrian.
442 529 552 582 Cardin.
569 530 603 581 do
619 529 708 582 Modis
726 529 774 582 lat.
791 529 846 596 loq.
865 546 891 596 p.
908 525 968 580 238.
988 523 1074 597 (81.)
1089 569 1090 572 η

207 629 364 684 Beueekius
381 630 415 684 ad
430 631 525 685 lustin.
540 631 583 696 13,
598 631 624 696 7,
639 629 682 682 13.
700 630 857 683 observavit
869 629 983 684 Latinos
996 648 1049 684 non
1057 631 1158 686 dixisse

169 713 198 769 in
211 735 266 768 rem
283 717 415 785 paulinam
433 735 504 783 esse,
519 717 567 770 sed
582 735 595 769 e
612 733 641 768 re
655 717 771 784 publiea.

204 816 265 870 Isin.
281 817 325 881 31,
341 814 384 881 15,
400 813 427 869 7.
443 821 470 872 in
484 799 734 888 duesresmizgnos
748 819 776 869 id
798 816 855 870 usai
867 820 940 885 sore.
972 815 1023 882 34,
1038 817 1071 882 6,
1086 815 1111 872 6.
1129 824 1157 871 tn
1193 855 1196 880 ,
1233 874 1241 886 Ἢ

168 902 244 954 nauis
259 902 481 956 administratione
491 905 551 968 'aliu
565 905 594 956 in
608 899 763 968 seeundum,
781 904 837 956 ulia
856 903 884 954 in
901 904 1037 956 adversans
1060 911 1159 972 tempe·
1274 915 1277 922 “

170 994 264 1040 statem
277 987 338 1038 osui
354 993 422 1038 sunt.

204 1087 304 1164 virgil.
322 1085 389 1141 Aen.
405 1085 489 1151 ’1,13.
506 1077 562 1142 urit
578 1091 711 1143 odoratam
724 1096 851 1144 nocturna
872 1089 902 1142 in
925 1090 1027 1142 lomina
1044 1091 1157 1142 cedrum.
1202 1071 1205 1082 ¹

168 1169 228 1307 31⁸·
250 1171 279 1308 i5n
301 1188 382 1238 usum
404 1171 546 1226 luminum.
579 1175 672 1228 Iulios
691 1191 754 1228 usos
776 1176 844 1228 neu.
858 1171 891 1240 4,
907 1171 968 1227 641.
994 1173 1056 1226 eoll.
1076 1170 1157 1232 usit.

204 1263 238 1310 ot.
272 1256 357 1321 ,111.

183 1369 237 1430 37.
270 1365 408 1444 Modus,
438 1365 495 1452 qui
520 1363 663 1448 aliquam
686 1366 948 1452 remegendam'·
965 1366 1158 1432 moderatur

99 1451 257 1536 surregit
274 1451 482 1526 uniformit,
506 1453 643 1536 cogitari
661 1463 770 1536 potest
783 1463 818 1515 ut
838 1451 1042 1538 exemplum,
1063 1453 1156 1538 quod

97 1537 289 1621 sequimur,
314 1538 415 1602 velut
435 1559 505 1615 res,
528 1536 562 1600 in
577 1559 676 1621 quem
701 1539 793 1623 quasi
814 1539 1037 1626 ingredimur,
1061 1549 1093 1602 et
1112 1540 1154 1604 ad

98 1643 200 1706 quam
218 1623 271 1704 id,
295 1623 385 1708 quod
407 1621 552 1707 agimus,
578 1621 772 1686 adhibemus
796 1634 828 1688 et
852 1622 1155 1689 accommodamus.

96 1705 184 1770 illud
223 1708 329 1772 Latini
370 1708 540 1794 designant
577 1709 820 1799 praepositione
849 1708 1052 1786 sectandum,
1077 1709 1154 1786 ,hoc
1186 1773 1190 1779 ,
1303 1732 1325 1773 υ

95 1796 345 1880 praepositione
359 1795 416 1858 ia.-
436 1793 593 1858 Germani
610 1793 724 1888 dieunt
739 1793 807 1886 aas
815 1805 846 1859 et
862 1795 900 1858 in
921 1815 996 1858 cum
1012 1793 1154 1862 ablativo

99 1881 338 1966 compositum.
1255 1880 1257 1891 ¹

186 1997 248 2061 Vbi
273 2018 396 2060 nomen
421 1995 517 2061 modi
546 2019 622 2061 cum
649 1997 808 2062 adiectivo
841 1996 1006 2084 iungitur,
1045 1997 1172 2070 addito⁴

92 2081 368 2170 praepositione,
386 2083 479 2145 notio
499 2083 697 2179 exprimitur
712 2083 866 2149 adverbii.

201 2201 293 2254 Plout.
314 2201 391 2254 Tria.
407 2201 433 2265 3,
451 2201 477 2266 3,
494 2201 536 2255 39.
556 2203 578 2256 ie
598 2201 673 2255 homo
696 2210 829 2256 exornetur
845 2207 972 2274 graphiae
992 2204 1022 2256 in
1036 2205 1155 2274 peregri-

168 2303 234 2338 num
250 2280 362 2339 modom.
396 2287 476 2340 Most.
492 2285 518 2351 4,
530 2287 558 2351 3,
574 2286 617 2338 41.
635 2289 662 2338 in
681 2295 835 2355 perpetuom
854 2291 968 2341 modom.
1003 2287 1061 2341 cio.
1075 2273 1168 2352 Verr„

159 2371 228 2426 alet.
244 2371 310 2436 1‚5‚
326 2370 368 2423 13.
388 2372 742 2424 rivesromoniservilemin
762 2373 865 2434 modone
881 2370 989 2446 manieti
1014 2377 1039 2422 et
1060 2373 1154 2424 meoli.

166 2453 193 2518 5,
210 2451 252 2520 28,
268 2453 312 2507 ¹13.
346 2455 380 2506 de
396 2455 479 2507 Pron.
496 2473 569 2508 cons.
590 2454 624 2520 3,
638 2453 664 2505 5.
690 2455 867 2506 miserandum
889 2455 917 2504 in
937 2453 1042 2504 modum
1062 2456 1156 2507 militer
1196 2508 1198 2514 ,

168 2539 260 2611 populi
274 2539 378 2590 romani
392 2540 479 2607 eapti,
498 2541 583 2592 necati
595 2568 629 2578 —
644 2545 713 2590 sont.
738 2536 856 2612 flueren.
874 2537 933 2589 eal.
949 2535 992 2591 56.
1010 2539 1039 2590 in
1054 2541 1157 2590 oisone-
1245 2554 1248 2561 ’

168 2639 230 2674 nunt
256 2624 368 2676 modom.
402 2623 499 2676 Vbivis
520 2624 602 2677 obvie
619 2627 697 2676 sunl:
715 2623 812 2676 mirum
828 2624 857 2674 in
872 2623 990 2689 modum,
1009 2624 1156 2678 mirabilem

110 2709 115 2718 “
168 2707 196 2758 in
209 2709 327 2773 modum,
345 2707 494 2760 mirandum
509 2711 537 2760 in
552 2711 665 2761 modum.
850 2694 853 2711 Ι

166 2847 238 2908 a&
268 2845 352 2926 Cum
377 2845 519 2930 genitivo
544 2845 688 2910 nominis
715 2854 966 2931 componuntur
991 2845 1090 2911 verba
1115 2847 1154 2910 in

94 2927 256 3006 modom,
276 2939 313 2992 ut
329 2929 512 2994 declaretur
525 2931 705 2993 similitudo
725 2931 775 2993 vel
792 2923 978 3016 aequalitas.
1008 2931 1052 2994 In
1067 2932 1156 2994 disne

94 3013 240 3080 modum
258 3015 347 3078 idem
369 3014 522 3100 estquod
541 3015 589 3077 od
605 3019 692 3078 hune
716 3013 866 3077 modum.
911 3017 1022 3094 Quare
1048 3015 1154 3078 libra-

93 3102 139 3166 rii
159 3123 255 3186 saepe
272 3099 352 3164 haee
368 3109 624 3164 commutarunt.
667 3099 742 3161 Vid.
762 3097 982 3185 Oudendorp.
1006 3098 1046 3162 ad
1061 3101 1153 3165 Caes.
1210 3169 1215 3180 ,
1261 3099 1265 3106 ’

92 3186 137 3251 Β.
162 3186 236 3272 gall.
255 3187 285 3266 5,
303 3190 357 3249 27.
401 3185 432 3249 T
435 3186 536 3248 acilus
553 3184 632 3248 dicit
648 3184 685 3248 in
700 3185 788 3248 lorino
805 3183 945 3255 modum
959 3205 1041 3249 esse.
1079 3241 1081 3246 .

203 3303 265 3358 Liv.
280 3302 307 3370 5,
322 3303 366 3370 15,
381 3303 407 3358 4.
443 3305 524 3356 senior
547 3305 652 3372 quidam
675 3305 765 3356 Veiens
792 3331 827 3342 —-
857 3304 1029 3358 vaticinantis
1050 3304 1078 3356 in
1100 3322 1156 3356 mo-

169 3389 232 3442 dam
251 3391 355 3453 cecinit,
371 3390 520 3458 priusquam
535 3407 566 3440 es
580 3389 639 3440 locu
655 3389 750 3441 albano
767 3405 838 3456 aqna
859 3390 953 3442 emissa
968 3394 1057 3456 foret,
1074 3407 1155 3443 num·

169 3491 250 3542 qoam
260 3475 405 3544 potiturum
426 3474 494 3525 Veiis
509 3473 663 3525 Romanurn.
697 3471 747 3537 31,
760 3470 811 3537 46,
826 3469 851 3526 8.
878 3475 906 3526 in
926 3473 1031 3525 modom
1040 3473 1155 3542 fngien-

145 3585 147 3590 ν
169 3558 247 3610 tium.
279 3547 328 3610 ubi
344 3556 481 3610 Drokenb.
516 3557 629 3610 Sallust.
660 3557 720 3609 cal.
747 3555 790 3622 12,
813 3557 838 3611 3.
865 3577 945 3626 quum
964 3557 1052 3608 domos
1078 3563 1156 3626 atque

166 3641 245 3694 villas
263 3643 412 3714 cognoueris
427 3643 455 3694 in
470 3641 573 3694 urbium
590 3641 696 3694 modum
713 3643 906 3708 exaedificatas.
941 3640 1052 3693 streton.
1075 3640 1156 3693 Caes.

108 3767 111 3773 ,
169 3723 214 3779 61.
234 3728 261 3778 in
281 3729 385 3782 modom
399 3727 543 3796 digitorum
556 3727 664 3795 angulis
681 3726 764 3792 fissis.
799 3725 888 3794 Colig.
898 3722 949 3790 45.
966 3723 1075 3793 Apulei.
1088 3725 1157 3777 Met.

169 3827 197 3880 p.
214 3804 283 3874 126,
300 3809 344 3866 21.
372 3813 400 3866 ia
421 3812 527 3866 madunt
544 3810 644 3879 superbi
664 3810 771 3880 iuvenis.
791 3807 876 3876 116,
894 3807 936 3864 14.
963 3811 993 3862 in
1017 3811 1157 3882 speluncae

167 3897 283 3950 modom.
1035 3913 1037 3919 ’

207 3997 300 4052 Tocil.
312 3997 381 4050 Anu.
398 3994 424 4062 1,
440 3993 485 4050 58.
509 3995 588 4049 neria
607 3995 662 4048 eius
679 3996 708 4047 in
731 3989 801 4050 iuno
823 3993 927 4050 moditor
941 3967 1042 4064 sorae·⁸
1061 3991 1157 4076 3,,52.

174 4100 288 4152 quemne
304 4081 432 4138 sententia
448 4083 477 4134 in
495 4081 562 4136 nune
577 4081 683 4136 modum
698 4081 767 4150 snit

784 4205 865 4267 21*
