2730 4720
134 260 148 306 ³
185 293 277 362 (aaa
570 291 659 362 nor.
702 242 903 362 nonsvu.

320 445 444 516 luserint.
465 445 538 516 apud
559 445 670 502 (inter.
688 444 792 516 nm.
816 435 1265 515 mondisderiensium
1357 431 1358 476 1

288 528 320 585 h
338 533 468 585 Vestinum
477 534 688 601 familiarissima
701 531 785 600 (liuga
798 537 823 584 ec
838 532 962 600 hucque
974 533 1004 584 ia
1026 532 1098 583 relus
1114 532 1178 584 mois
1198 531 1266 584 deti-

288 633 346 696 oeo.
379 615 482 669 Paulus
496 617 524 672 in
537 616 644 686 Digest·
658 613 706 678 18,
714 614 741 678 1,
756 614 781 680 1,
798 615 824 668 1.
840 617 884 668 secl
899 634 935 670 un
956 617 1012 668 sios
1029 616 1140 667 nammis
1154 615 1288 668 venditio·
1357 631 1358 676 j

282 699 341 752 dici
359 701 483 768 hodieque
504 704 600 771 possit,
621 701 763 754 damatus.
803 699 847 752 Ite
870 701 928 752 eorl.
949 698 1083 752 florentin.
1109 697 1267 752 Mamer-tin.
1357 735 1358 760 .

202 823 206 829 .
291 783 394 853 raneg.
412 784 438 851 1,
452 785 478 838 a.
496 785 637 854 musta
650 789 725 836 me
737 783 849 853 parua
863 785 1060 853 meusque
1073 784 1268 840 aouuuu-
1357 771 1358 860 3

290 868 355 920 culis
371 885 422 921 aro
437 866 561 922 masiaco.
658 910 663 920 .
1357 865 1358 882 ³

308 965 395 1030 Haec
426 967 455 1032 si
492 965 728 1032 considerasset
758 966 979 1054 Hartungius,
1013 987 1051 1032 sa
1081 974 1168 1031 certe
1198 985 1269 1028 non
1357 957 1358 966 ’

186 1110 190 1117 ,
218 1049 429 1137 scripsisset,
462 1072 545 1138 quae
566 1052 602 1116 in
624 1051 711 1116 libro
736 1048 777 1115 de
799 1051 967 1116 Particulis
991 1053 1267 1138 graecisp.'110.

227 1133 329 1200 Toni.
363 1142 391 1202 1.
423 1135 585 1221 leguntur.
641 1136 748 1200 Nemo
780 1137 867 1200 enim
909 1157 1066 1220 umquam
1098 1133 1269 1214 dubitavit,

227 1219 308 1307 quin
324 1221 487 1308 hodieque
501 1221 676 1308 aliquando
695 1223 729 1285 in
746 1240 806 1284 usu
821 1221 923 1286 latino
938 1219 1049 1293 luerit,
1073 1221 1130 1284 sed
1145 1219 1270 1283 factum

226 1315 276 1368 est
291 1304 357 1368 hori
374 1306 570 1370 vocabulum
592 1327 630 1370 eo
649 1316 817 1393 tempore,
838 1307 873 1370 in
898 1327 963 1391 quo
987 1304 1095 1368 Latini
1118 1325 1180 1390 que
1204 1325 1268 1390 pro

222 1389 332 1454 etium
347 1412 472 1481 ponere
486 1401 741 1456 consueverunt:
757 1389 1031 1478 nequehodieque
1041 1388 1121 1452 oriri
1137 1398 1267 1474 poterat

226 1494 270 1540 ex
292 1495 351 1556 eo,
375 1477 463 1562 quod
491 1477 698 1541 omitteretur
717 1475 819 1542 altera
837 1499 913 1563 pars
938 1473 1085 1538 dictionis
1103 1473 1272 1560 olimque.-

226 1567 260 1625 at
280 1559 390 1660 ipsum
408 1561 531 1642 etium,
561 1571 612 1642 et,
638 1583 721 1648 quae
743 1583 806 1649 pro
832 1583 870 1625 eo
892 1569 1076 1648 ponuntur,
1112 1569 1163 1638 et,
1194 1581 1273 1645 que,

229 1657 436 1732 coniungunt
454 1648 533 1711 duas
556 1646 711 1713 notiones
725 1668 795 1710 non
817 1668 947 1734 semper
969 1643 1072 1723 verbis
1091 1665 1271 1730 expressas,

195 1763 198 1768 ·
229 1737 327 1816 atque
343 1733 377 1794 in
393 1732 557 1820 hodieque
572 1732 765 1820 intelligitur
786 1743 890 1796 unteu
904 1728 1078 1816 hodieque.
1112 1728 1272 1792 Germani

227 1833 331 1902 quum
342 1815 523 1903 loquuntur
535 1817 631 1882 heure
641 1817 737 1891 erich,
755 1812 898 1901 cogitant
912 1825 1073 1892 uranica,
1089 1811 1142 1878 itu
1157 1812 1269 1876 hodie.

193 1959 202 1982 .
316 1907 365 1964 11.
390 1900 583 1966 Hodieuum
598 1901 794 1965 vocabulum
811 1912 859 1964 est
875 1899 1069 1981 barbarum,
1089 1897 1179 1982 quod
1200 1919 1271 1961 sae·

198 2027 200 2032 s
229 1983 303 2050 oulo
327 1986 504 2066 novissimo
528 1987 562 2050 in
586 2007 680 2050 usum
706 1987 805 2049 venit.
848 1984 981 2049 Factum
1004 1993 1052 2046 est
1074 1982 1109 2045 iu
1135 1983 1272 2046 modum
1355 2029 1356 2038 .

228 2067 319 2132 verbi
341 2070 538 2134 etiamnum.
588 2071 695 2136 Nemo
711 2071 912 2158 striptorum
936 2079 968 2133 et
991 2089 1032 2136 ne
1051 2069 1272 2135 recentiorum

204 2151 363 2239 ‚quidem
381 2153 427 2217 ita
440 2155 597 2240 loquutus
617 2167 676 2219 est.
718 2157 760 2220 Hi
783 2157 872 2220 enim
895 2155 1050 2218 dixerunt
1071 2152 1109 2216 iu
1132 2151 1273 2216 hodier-

229 2259 322 2303 num.
367 2237 427 2302 vid.
447 2240 570 2305 Minue.
590 2239 656 2306 Fcl.
682 2239 795 2306 Octav.
819 2246 871 2306 22.
921 2239 988 2304 Nec
1008 2237 1146 2324 probari
1192 2247 1275 2300 otest

230 2321 334 2388 eltera
348 2323 499 2404 vocabuli
516 2324 628 2390 forma
643 2347 726 2390 nova
746 2323 930 2392 hodiedum
954 2345 1017 2409 pro
1046 2322 1144 2385 etiarn
1163 2259 1274 2386 dedic.

178 2435 189 2465 ··
228 2404 392 2488 Duf'ro'sne
406 2431 478 2474 eam
495 2411 589 2476 affert
607 2432 648 2474 ex
670 2411 816 2476 Historia
836 2405 1029 2476 monasterii
1051 2406 1274 2490 gladbacensis

157 2511 160 2519 ·
231 2513 261 2561 c.
282 2497 314 2562 ⁷.
337 2494 375 2592 iu
395 2494 530 2582 grandi
552 2507 674 2566 cavato
698 2493 835 2587 lupide,
869 2515 966 2586 quem
987 2487 1174 2562 hodiedum
1199 2515 1274 2558 oer-

235 2599 317 2647 nere
336 2577 426 2648 hcet.

675 2677 823 2768 HOI.

313 2829 354 2898 In
376 2829 524 2898 Terentii
547 2829 682 2900 Phorm.
707 2831 739 2911 4,
763 2837 795 2910 3,
818 2834 872 2904 58.
902 2834 983 2903 olim
1010 2829 1177 2924 legebatur
1206 2835 1304 2916 hei„

167 2942 172 2956 ·
234 2911 306 2980 hui.
337 2915 394 2982 ubi
415 2917 557 2984 Faernus
581 2940 600 2984 e
628 2917 724 2984 codd.
753 2919 820 2984 suis
844 2922 975 3010 scripsit
998 2921 1082 3002 eici,
1100 2919 1277 2985 'Bentleius

235 2999 314 3068 uici.
374 3001 411 3067 ln
434 3001 519 3073 Eun.
550 3011 590 3086 4,
614 3004 653 3086 4,
679 3006 732 3069 47.
769 3005 826 3072 ubi
854 3007 913 3072 hoi
938 3006 994 3074 iaci
1022 3003 1279 3071 confirmabatur

235 3085 392 3162 Prisciani
415 3089 606 3156 testimonio
625 3113 659 3178 p.
678 3095 772 3162 1012.
795 3115 883 3163 nunc
908 3093 1058 3162 codicum
1082 3091 1278 3158 auctoritate

237 3185 423 3243 correctum
438 3185 487 3245 est
499 3175 567 3242 oiei
582 3175 633 3243 vel
650 3177 747 3248 euiei.

555 3343 915 3454 (Honsvnr.
982 3441 984 3446 a

318 3497 488 3575 uorsus,
516 3496 607 3584 quod
631 3497 744 3564 est'hu
766 3499 832 3565 sive
853 3501 915 3566 hoc
936 3525 1092 3579 uersum,
1116 3499 1281 3589 signifieat

237 3578 382 3646 adhunc
398 3583 510 3647 locum
525 3605 646 3650 versus.
688 3584 819 3650 Praeter
835 3589 980 3657 comicos
1003 3586 1103 3655 nenio
1126 3587 1193 3656 hoc
1216 3609 1280 3654 vo-

237 3663 354 3732 cabulo
370 3687 446 3730 usus
464 3677 522 3735 est.
959 3694 969 3720 ’-

341 3769 430 3821 Plnut.
445 3769 515 3822 Rnd.
529 3767 556 3834 1,
570 3769 598 3834 2,
613 3767 657 3822 88.
681 3773 806 3826 surreaits
826 3775 929 3828 horsum
950 3790 977 3827 se
994 3775 1119 3844 capessite
1137 3774 1212 3827 salue
1231 3790 1281 3827 res.

303 3851 364 3907 Mil.
381 3851 406 3918 2,
423 3849 449 3918 ὃ,
463 3852 505 3906 82.
533 3855 622 3908 cedern
642 3855 683 3906 illi
703 3855 809 3909 iusidias
830 3859 914 3920 dolo,
934 3875 1012 3925 quum
1032 3875 1091 3911 mos
1115 3859 1222 3911 horsum
1244 3859 1282 3910 ad

263 3925 267 3940 ⁸
306 3928 436 3990 stabulum
451 3937 522 3989 iunia
536 3939 643 4008 recipiar
659 3955 684 3991 se
705 3943 729 3990 u*
745 3943 846 4010 potua.
880 3941 990 3995 Terent.
1005 3943 1075 3995 Hoc.
1091 3940 1161 4006 8,¹4‚
1175 3939 1219 3993 35.
1238 3959 1282 3994 ec·

209 4093 212 4098 r
307 4037 365 4073 cam
380 4019 535 4094 Phidippum
551 4031 576 4076 ct
587 4029 690 4092 petrem
704 4005 912 4080 videoe'horsam
925 4033 1048 4101 pergant.
1075 4025 1178 4094 Eunt,
1192 4022 1220 4092 1,
1236 4024 1283 4081 1³.

308 4123 366 4162 moa
379 4113 454 4164 aestu
467 4113 492 4164 ts
505 4107 617 4182 adigerit
629 4107 731 4164 horsum
744 4109 880 4168 huomaiu.

276 3502 279 3515 l
