<?xml version="1.0" encoding="UTF-8"?>
<!DOCTYPE html PUBLIC "-//W3C//DTD XHTML 1.0 Transitional//EN"
    "http://www.w3.org/TR/xhtml1/DTD/xhtml1-transitional.dtd">
<html xmlns="http://www.w3.org/1999/xhtml" xml:lang="en" lang="en">
 <head>
  <title>
</title>
<meta http-equiv="Content-Type" content="text/html;charset=utf-8" />
  <meta name='ocr-system' content='tesseract 3.04.00' />
  <meta name='ocr-capabilities' content='ocr_page ocr_carea ocr_par ocr_line ocrx_word'/>
</head>
<body>
  <div class='ocr_page' id='page_1' title='image "./ferdinandihandi01torsgoog_0279.png"; bbox 0 0 2738 4730; ppageno 0'>
   <div class='ocr_carea' id='block_1_1' title="bbox 483 263 1147 386">
    <p class='ocr_par' dir='ltr' id='par_1_1' title="bbox 483 263 1147 386">
     <span class='ocr_line' id='line_1_1' title="bbox 483 263 1147 386; baseline -0.011 0"><span class='ocrx_word' id='word_1_1' title='bbox 483 270 486 283; x_wconf 46' lang='grc'>’</span> <span class='ocrx_word' id='word_1_2' title='bbox 584 307 642 386; x_wconf 80' lang='grc' dir='ltr'><strong>ΙΝ.</strong></span> <span class='ocrx_word' id='word_1_3' title='bbox 738 275 754 344; x_wconf 64' lang='lat'>1</span> <span class='ocrx_word' id='word_1_4' title='bbox 862 267 864 271; x_wconf 44' lang='grc'>’</span> <span class='ocrx_word' id='word_1_5' title='bbox 965 263 1147 380; x_wconf 36' lang='grc' dir='ltr'><strong>ζ*269</strong></span> 
     </span>
    </p>
   </div>
   <div class='ocr_carea' id='block_1_2' title="bbox 94 457 1147 982">
    <p class='ocr_par' dir='ltr' id='par_1_2' title="bbox 94 457 1147 982">
     <span class='ocr_line' id='line_1_2' title="bbox 98 457 1147 554; baseline 0.003 -24"><span class='ocrx_word' id='word_1_6' title='bbox 98 485 200 554; x_wconf 86' lang='lat' dir='ltr'><strong>quum</strong></span> <span class='ocrx_word' id='word_1_7' title='bbox 216 472 389 552; x_wconf 87' lang='lat' dir='ltr'><strong>peccatam</strong></span> <span class='ocrx_word' id='word_1_8' title='bbox 404 461 524 530; x_wconf 72' lang='lat' dir='ltr'><strong>dicium</strong></span> <span class='ocrx_word' id='word_1_9' title='bbox 546 463 583 528; x_wconf 92' lang='lat' dir='ltr'><strong>iu</strong></span> <span class='ocrx_word' id='word_1_10' title='bbox 606 457 718 549; x_wconf 84' lang='lat' dir='ltr'><strong>aliquo</strong></span> <span class='ocrx_word' id='word_1_11' title='bbox 736 463 939 551; x_wconf 78' lang='lat' dir='ltr'><strong>apparuisse.</strong></span> <span class='ocrx_word' id='word_1_12' title='bbox 979 463 1147 542; x_wconf 84' lang='lat' dir='ltr'><strong>Burman-</strong></span> 
     </span>
     <span class='ocr_line' id='line_1_3' title="bbox 98 549 1146 636; baseline 0.001 -19"><span class='ocrx_word' id='word_1_13' title='bbox 98 575 156 617; x_wconf 88' lang='lat' dir='ltr'><strong>nus</strong></span> <span class='ocrx_word' id='word_1_14' title='bbox 181 551 222 615; x_wconf 92' lang='lat' dir='ltr'><strong>ad</strong></span> <span class='ocrx_word' id='word_1_15' title='bbox 247 549 346 614; x_wconf 90' lang='lat' dir='ltr'><strong>Ovid.</strong></span> <span class='ocrx_word' id='word_1_16' title='bbox 368 551 442 614; x_wconf 78' lang='lat' dir='ltr'><strong>Am.</strong></span> <span class='ocrx_word' id='word_1_17' title='bbox 467 555 499 630; x_wconf 82' lang='lat'><strong>2,</strong></span> <span class='ocrx_word' id='word_1_18' title='bbox 517 553 548 628; x_wconf 88' lang='lat'><strong>8,</strong></span> <span class='ocrx_word' id='word_1_19' title='bbox 565 553 596 613; x_wconf 90' lang='lat'><strong>9.</strong></span> <span class='ocrx_word' id='word_1_20' title='bbox 620 558 785 613; x_wconf 85' lang='lat' dir='ltr'><strong>monstrat</strong></span> <span class='ocrx_word' id='word_1_21' title='bbox 802 573 950 636; x_wconf 87' lang='lat' dir='ltr'><strong>peccare</strong></span> <span class='ocrx_word' id='word_1_22' title='bbox 971 552 1009 616; x_wconf 85' lang='lat' dir='ltr'><strong>iu</strong></span> <span class='ocrx_word' id='word_1_23' title='bbox 1030 555 1146 620; x_wconf 81' lang='lat' dir='ltr'><strong>cucil-</strong></span> 
     </span>
     <span class='ocr_line' id='line_1_4' title="bbox 98 633 1147 724; baseline 0.003 -22"><span class='ocrx_word' id='word_1_24' title='bbox 98 639 169 702; x_wconf 85' lang='lat' dir='ltr'><strong>lum</strong></span> <span class='ocrx_word' id='word_1_25' title='bbox 186 637 251 701; x_wconf 90' lang='lat' dir='ltr'><strong>dici</strong></span> <span class='ocrx_word' id='word_1_26' title='bbox 273 635 314 700; x_wconf 91' lang='lat' dir='ltr'><strong>de</strong></span> <span class='ocrx_word' id='word_1_27' title='bbox 338 656 398 710; x_wconf 88' lang='lat' dir='ltr'><strong>eo,</strong></span> <span class='ocrx_word' id='word_1_28' title='bbox 421 635 485 722; x_wconf 90' lang='lat' dir='ltr'><strong>qui·</strong></span> <span class='ocrx_word' id='word_1_29' title='bbox 502 633 874 720; x_wconf 69' lang='lat' dir='ltr'><strong>aliquideommiserit,</strong></span> <span class='ocrx_word' id='word_1_30' title='bbox 896 637 988 724; x_wconf 89' lang='lat' dir='ltr'><strong>quod</strong></span> <span class='ocrx_word' id='word_1_31' title='bbox 1011 640 1147 716; x_wconf 85' lang='lat' dir='ltr'><strong>ancillae</strong></span> 
     </span>
     <span class='ocr_line' id='line_1_5' title="bbox 94 718 1147 812; baseline 0.004 -24"><span class='ocrx_word' id='word_1_32' title='bbox 94 724 156 812; x_wconf 86' lang='lat' dir='ltr'><strong>ipsi</strong></span> <span class='ocrx_word' id='word_1_33' title='bbox 171 731 300 804; x_wconf 88' lang='lat' dir='ltr'><strong>nocent,</strong></span> <span class='ocrx_word' id='word_1_34' title='bbox 325 720 425 786; x_wconf 79' lang='lat' dir='ltr'><strong>veluti</strong></span> <span class='ocrx_word' id='word_1_35' title='bbox 448 721 585 786; x_wconf 81' lang='lat' dir='ltr'><strong>Terent.</strong></span> <span class='ocrx_word' id='word_1_36' title='bbox 603 718 742 785; x_wconf 90' lang='lat' dir='ltr'><strong>Phorm.</strong></span> <span class='ocrx_word' id='word_1_37' title='bbox 758 723 789 798; x_wconf 87' lang='lat'><strong>5,</strong></span> <span class='ocrx_word' id='word_1_38' title='bbox 807 728 838 799; x_wconf 75' lang='lat'><strong>8,</strong></span> <span class='ocrx_word' id='word_1_39' title='bbox 858 727 908 788; x_wconf 91' lang='lat'><strong>10.</strong></span> <span class='ocrx_word' id='word_1_40' title='bbox 932 720 1027 805; x_wconf 77' lang='lat' dir='ltr'><strong>vide,</strong></span> <span class='ocrx_word' id='word_1_41' title='bbox 1049 748 1092 790; x_wconf 87' lang='lat' dir='ltr'><strong>nc</strong></span> <span class='ocrx_word' id='word_1_42' title='bbox 1108 727 1147 792; x_wconf 83' lang='lat' dir='ltr'><strong>ia</strong></span> 
     </span>
     <span class='ocr_line' id='line_1_6' title="bbox 95 805 1146 897; baseline 0.001 -22"><span class='ocrx_word' id='word_1_43' title='bbox 95 819 283 897; x_wconf 79' lang='lat' dir='ltr'><strong>cognatam</strong></span> <span class='ocrx_word' id='word_1_44' title='bbox 297 829 436 893; x_wconf 80' lang='lat' dir='ltr'><strong>pecces:</strong></span> <span class='ocrx_word' id='word_1_45' title='bbox 458 807 514 887; x_wconf 81' lang='lat' dir='ltr'><strong>sed</strong></span> <span class='ocrx_word' id='word_1_46' title='bbox 533 806 570 870; x_wconf 81' lang='lat' dir='ltr'><strong>in</strong></span> <span class='ocrx_word' id='word_1_47' title='bbox 593 805 724 870; x_wconf 78' lang='lat' dir='ltr'><strong>cucilla</strong></span> <span class='ocrx_word' id='word_1_48' title='bbox 740 829 890 894; x_wconf 83' lang='lat' dir='ltr'><strong>peccare</strong></span> <span class='ocrx_word' id='word_1_49' title='bbox 911 829 979 874; x_wconf 84' lang='lat' dir='ltr'><strong>esse</strong></span> <span class='ocrx_word' id='word_1_50' title='bbox 1004 831 1146 892; x_wconf 88' lang='lat' dir='ltr'><strong>morem,</strong></span> 
     </span>
     <span class='ocr_line' id='line_1_7' title="bbox 94 891 1146 982; baseline 0.003 -21"><span class='ocrx_word' id='word_1_51' title='bbox 94 894 324 982; x_wconf 72' lang='lat' dir='ltr'><strong>quem&#39;deceat</strong></span> <span class='ocrx_word' id='word_1_52' title='bbox 338 893 498 980; x_wconf 86' lang='lat' dir='ltr'><strong>ingenuae</strong></span> <span class='ocrx_word' id='word_1_53' title='bbox 516 891 721 980; x_wconf 79' lang='lat' dir='ltr'><strong>impendere,</strong></span> <span class='ocrx_word' id='word_1_54' title='bbox 736 895 771 958; x_wconf 94' lang='lat' dir='ltr'><strong>in</strong></span> <span class='ocrx_word' id='word_1_55' title='bbox 787 894 944 960; x_wconf 67' lang='lat' dir='ltr'><strong>ancillam⁴</strong></span> <span class='ocrx_word' id='word_1_56' title='bbox 956 896 1146 964; x_wconf 86' lang='lat' dir='ltr'><strong>transferre.</strong></span> 
     </span>
    </p>
   </div>
   <div class='ocr_carea' id='block_1_3' title="bbox 157 1001 1200 1516">
    <p class='ocr_par' dir='ltr' id='par_1_3' title="bbox 157 1001 1200 1516">
     <span class='ocr_line' id='line_1_8' title="bbox 204 1001 1146 1086; baseline 0.002 -18"><span class='ocrx_word' id='word_1_57' title='bbox 204 1015 317 1068; x_wconf 80' lang='lat' dir='ltr'><strong>Terent.</strong></span> <span class='ocrx_word' id='word_1_58' title='bbox 331 1013 414 1065; x_wconf 78' lang='lat' dir='ltr'><strong>Andr.</strong></span> <span class='ocrx_word' id='word_1_59' title='bbox 429 1012 455 1078; x_wconf 93' lang='lat'><strong>1,</strong></span> <span class='ocrx_word' id='word_1_60' title='bbox 468 1009 495 1078; x_wconf 86' lang='lat'><strong>4&#39;,</strong></span> <span class='ocrx_word' id='word_1_61' title='bbox 509 1009 536 1081; x_wconf 70' lang='lat'><strong>6,</strong></span> <span class='ocrx_word' id='word_1_62' title='bbox 550 1001 612 1066; x_wconf 78' lang='lat' dir='ltr'><strong>dale</strong></span> <span class='ocrx_word' id='word_1_63' title='bbox 627 1037 663 1054; x_wconf 92' lang='lat'><strong>··</strong></span> <span class='ocrx_word' id='word_1_64' title='bbox 682 1013 724 1066; x_wconf 81' lang='lat' dir='ltr'><strong>llll</strong></span> <span class='ocrx_word' id='word_1_65' title='bbox 739 1013 769 1066; x_wconf 80' lang='lat' dir='ltr'><strong>lu</strong></span> <span class='ocrx_word' id='word_1_66' title='bbox 784 1013 846 1066; x_wconf 82' lang='lat' dir='ltr'><strong>aliis</strong></span> <span class='ocrx_word' id='word_1_67' title='bbox 863 1015 954 1084; x_wconf 81' lang='lat' dir='ltr'><strong>pallus</strong></span> <span class='ocrx_word' id='word_1_68' title='bbox 964 1018 1093 1086; x_wconf 61' lang='lat' dir='ltr'><strong>menandi</strong></span> <span class='ocrx_word' id='word_1_69' title='bbox 1107 1017 1146 1071; x_wconf 84' lang='lat' dir='ltr'><strong>la-</strong></span> 
     </span>
     <span class='ocr_line' id='line_1_9' title="bbox 158 1088 1145 1173; baseline 0 -20"><span class='ocrx_word' id='word_1_70' title='bbox 158 1088 226 1154; x_wconf 79' lang='lat' dir='ltr'><strong>dam.</strong></span> <span class='ocrx_word' id='word_1_71' title='bbox 258 1097 356 1173; x_wconf 73' lang='lat' dir='ltr'><strong>¹Sernes.</strong></span> <span class='ocrx_word' id='word_1_72' title='bbox 369 1097 455 1152; x_wconf 78' lang='lat' dir='ltr'><strong>Iler-c.</strong></span> <span class='ocrx_word' id='word_1_73' title='bbox 471 1095 532 1151; x_wconf 76' lang='lat' dir='ltr'><strong>oet.</strong></span> <span class='ocrx_word' id='word_1_74' title='bbox 548 1096 626 1150; x_wconf 84' lang='grc'><strong>1020.</strong></span> <span class='ocrx_word' id='word_1_75' title='bbox 641 1097 671 1150; x_wconf 81' lang='lat' dir='ltr'><strong>lu</strong></span> <span class='ocrx_word' id='word_1_76' title='bbox 688 1104 773 1151; x_wconf 81' lang='lat' dir='ltr'><strong>matre</strong></span> <span class='ocrx_word' id='word_1_77' title='bbox 792 1115 889 1167; x_wconf 82' lang='lat' dir='ltr'><strong>peccas.</strong></span> <span class='ocrx_word' id='word_1_78' title='bbox 922 1093 1020 1154; x_wconf 66' lang='lat' dir='ltr'><strong>Horat.</strong></span> <span class='ocrx_word' id='word_1_79' title='bbox 1043 1101 1101 1154; x_wconf 85' lang='lat' dir='ltr'><strong>Set.</strong></span> <span class='ocrx_word' id='word_1_80' title='bbox 1118 1101 1145 1168; x_wconf 91' lang='lat'><strong>1,</strong></span> 
     </span>
     <span class='ocr_line' id='line_1_10' title="bbox 157 1181 1193 1257; baseline 0.003 -20"><span class='ocrx_word' id='word_1_81' title='bbox 157 1184 192 1250; x_wconf 77' lang='lat'><strong>2,</strong></span> <span class='ocrx_word' id='word_1_82' title='bbox 212 1181 261 1236; x_wconf 77' lang='lat'><strong>62.</strong></span> <span class='ocrx_word' id='word_1_83' title='bbox 291 1185 355 1252; x_wconf 75' lang='lat' dir='ltr'><strong>quial</strong></span> <span class='ocrx_word' id='word_1_84' title='bbox 381 1185 503 1249; x_wconf 76' lang='lat' dir='ltr'><strong>interest,</strong></span> <span class='ocrx_word' id='word_1_85' title='bbox 532 1184 562 1236; x_wconf 83' lang='lat' dir='ltr'><strong>la</strong></span> <span class='ocrx_word' id='word_1_86' title='bbox 590 1189 727 1247; x_wconf 82' lang='lat' dir='ltr'><strong>matrona,</strong></span> <span class='ocrx_word' id='word_1_87' title='bbox 755 1185 854 1236; x_wconf 68' lang='lat' dir='ltr'><strong>anullo</strong></span> <span class='ocrx_word' id='word_1_88' title='bbox 879 1201 1000 1253; x_wconf 78' lang='lat' dir='ltr'><strong>peccesne</strong></span> <span class='ocrx_word' id='word_1_89' title='bbox 1029 1187 1156 1257; x_wconf 78' lang='lat' dir='ltr'><strong>togate?¹</strong></span> <span class='ocrx_word' id='word_1_90' title='bbox 1191 1237 1193 1246; x_wconf 81' lang='grc'><strong>,</strong></span> 
     </span>
     <span class='ocr_line' id='line_1_11' title="bbox 159 1267 1200 1342; baseline 0.003 -20"><span class='ocrx_word' id='word_1_91' title='bbox 159 1267 313 1322; x_wconf 74' lang='lat' dir='ltr'><strong>Ciuilem.</strong></span> <span class='ocrx_word' id='word_1_92' title='bbox 336 1267 420 1335; x_wconf 86' lang='grc'><strong>1,4,</strong></span> <span class='ocrx_word' id='word_1_93' title='bbox 437 1268 480 1322; x_wconf 92' lang='grc'><strong>10.</strong></span> <span class='ocrx_word' id='word_1_94' title='bbox 504 1285 559 1320; x_wconf 84' lang='lat' dir='ltr'><strong>acu</strong></span> <span class='ocrx_word' id='word_1_95' title='bbox 582 1275 621 1320; x_wconf 84' lang='lat' dir='ltr'><strong>eet</strong></span> <span class='ocrx_word' id='word_1_96' title='bbox 641 1269 668 1320; x_wconf 82' lang='lat' dir='ltr'><strong>iu</strong></span> <span class='ocrx_word' id='word_1_97' title='bbox 684 1268 732 1320; x_wconf 83' lang='lat' dir='ltr'><strong>ltoe</strong></span> <span class='ocrx_word' id='word_1_98' title='bbox 751 1267 855 1320; x_wconf 70' lang='lat' dir='ltr'><strong>homine</strong></span> <span class='ocrx_word' id='word_1_99' title='bbox 877 1269 998 1338; x_wconf 78' lang='lat' dir='ltr'><strong>culquam</strong></span> <span class='ocrx_word' id='word_1_100' title='bbox 1018 1273 1146 1342; x_wconf 83' lang='lat' dir='ltr'><strong>peccaadl</strong></span> <span class='ocrx_word' id='word_1_101' title='bbox 1190 1281 1200 1293; x_wconf 84' lang='lat'><em>&#39;</em></span> 
     </span>
     <span class='ocr_line' id='line_1_12' title="bbox 158 1351 1144 1426; baseline 0.005 -20"><span class='ocrx_word' id='word_1_102' title='bbox 158 1356 238 1406; x_wconf 72' lang='lat' dir='ltr'><strong>lacem</strong></span> <span class='ocrx_word' id='word_1_103' title='bbox 271 1353 354 1408; x_wconf 79' lang='lat' dir='ltr'><strong>Tunc.</strong></span> <span class='ocrx_word' id='word_1_104' title='bbox 376 1353 409 1420; x_wconf 78' lang='lat'><strong>2,</strong></span> <span class='ocrx_word' id='word_1_105' title='bbox 433 1353 460 1420; x_wconf 88' lang='grc'><strong>4,</strong></span> <span class='ocrx_word' id='word_1_106' title='bbox 483 1353 526 1406; x_wconf 78' lang='grc'><strong>12.</strong></span> <span class='ocrx_word' id='word_1_107' title='bbox 549 1351 720 1421; x_wconf 72' lang='lat' dir='ltr'><strong>philosophus</strong></span> <span class='ocrx_word' id='word_1_108' title='bbox 749 1351 778 1403; x_wconf 81' lang='lat' dir='ltr'><strong>lu</strong></span> <span class='ocrx_word' id='word_1_109' title='bbox 802 1353 871 1406; x_wconf 83' lang='lat' dir='ltr'><strong>vitae</strong></span> <span class='ocrx_word' id='word_1_110' title='bbox 896 1355 997 1407; x_wconf 83' lang='lat' dir='ltr'><strong>ratione</strong></span> <span class='ocrx_word' id='word_1_111' title='bbox 1023 1373 1144 1426; x_wconf 82' lang='lat' dir='ltr'><strong>peccans.</strong></span> 
     </span>
     <span class='ocr_line' id='line_1_13' title="bbox 157 1431 1091 1516; baseline 0.001 -23"><span class='ocrx_word' id='word_1_112' title='bbox 157 1439 239 1494; x_wconf 79' lang='lat' dir='ltr'><strong>avia.</strong></span> <span class='ocrx_word' id='word_1_113' title='bbox 253 1439 347 1493; x_wconf 76' lang='lat' dir='ltr'><strong>Amor.</strong></span> <span class='ocrx_word' id='word_1_114' title='bbox 360 1437 387 1504; x_wconf 81' lang='lat'><strong>2,</strong></span> <span class='ocrx_word' id='word_1_115' title='bbox 403 1435 429 1504; x_wconf 80' lang='lat'><strong>8,</strong></span> <span class='ocrx_word' id='word_1_116' title='bbox 443 1437 470 1492; x_wconf 84' lang='grc'><strong>9.</strong></span> <span class='ocrx_word' id='word_1_117' title='bbox 489 1438 557 1516; x_wconf 72' lang='lat' dir='ltr'><strong>paud</strong></span> <span class='ocrx_word' id='word_1_118' title='bbox 571 1438 599 1488; x_wconf 82' lang='lat' dir='ltr'><strong>iu</strong></span> <span class='ocrx_word' id='word_1_119' title='bbox 612 1437 710 1490; x_wconf 78' lang='lat' dir='ltr'><strong>aneilla</strong></span> <span class='ocrx_word' id='word_1_120' title='bbox 725 1435 749 1488; x_wconf 72' lang='grc' dir='ltr'><strong>οἳ</strong></span> <span class='ocrx_word' id='word_1_121' title='bbox 763 1436 822 1504; x_wconf 78' lang='lat' dir='ltr'><strong>quis</strong></span> <span class='ocrx_word' id='word_1_122' title='bbox 837 1437 983 1506; x_wconf 75' lang='lat' dir='ltr'><strong>delinquere</strong></span> <span class='ocrx_word' id='word_1_123' title='bbox 996 1431 1091 1510; x_wconf 72' lang='lat' dir='ltr'><strong>posset.</strong></span> 
     </span>
    </p>
   </div>
   <div class='ocr_carea' id='block_1_4' title="bbox 9 1542 1234 2581">
    <p class='ocr_par' dir='ltr' id='par_1_4' title="bbox 9 1542 1234 2581">
     <span class='ocr_line' id='line_1_14' title="bbox 168 1542 1145 1638; baseline 0.004 -23"><span class='ocrx_word' id='word_1_124' title='bbox 168 1554 224 1615; x_wconf 82' lang='lat'><strong>34.</strong></span> <span class='ocrx_word' id='word_1_125' title='bbox 261 1542 475 1616; x_wconf 86' lang='lat' dir='ltr'><strong>Grammatici</strong></span> <span class='ocrx_word' id='word_1_126' title='bbox 499 1545 726 1614; x_wconf 87' lang='lat' dir='ltr'><strong>difficultatem</strong></span> <span class='ocrx_word' id='word_1_127' title='bbox 747 1544 781 1610; x_wconf 92' lang='lat' dir='ltr'><strong>in</strong></span> <span class='ocrx_word' id='word_1_128' title='bbox 805 1545 866 1610; x_wconf 90' lang='lat' dir='ltr'><strong>hac</strong></span> <span class='ocrx_word' id='word_1_129' title='bbox 897 1553 1145 1638; x_wconf 69' lang='lat' dir='ltr'><strong>praepositione</strong></span> 
     </span>
     <span class='ocr_line' id='line_1_15' title="bbox 85 1631 1144 1780; baseline 0.003 -78"><span class='ocrx_word' id='word_1_130' title='bbox 85 1635 285 1725; x_wconf 81' lang='lat' dir='ltr'><strong>explicanda</strong></span> <span class='ocrx_word' id='word_1_131' title='bbox 314 1635 479 1702; x_wconf 82' lang='lat' dir='ltr'><strong>removeri</strong></span> <span class='ocrx_word' id='word_1_132' title='bbox 512 1651 611 1721; x_wconf 87' lang='lat' dir='ltr'><strong>posse</strong></span> <span class='ocrx_word' id='word_1_133' title='bbox 635 1631 734 1780; x_wconf 61' lang='lat' dir='ltr'><strong>vulpe</strong></span> <span class='ocrx_word' id='word_1_134' title='bbox 769 1635 958 1700; x_wconf 86' lang='lat' dir='ltr'><strong>existimant</strong></span> <span class='ocrx_word' id='word_1_135' title='bbox 990 1638 1144 1725; x_wconf 87' lang='lat' dir='ltr'><strong>ambigua</strong></span> 
     </span>
     <span class='ocr_line' id='line_1_16' title="bbox 85 1717 1142 1812; baseline 0.004 -26"><span class='ocrx_word' id='word_1_136' title='bbox 85 1723 328 1812; x_wconf 79' lang='lat' dir='ltr'><strong>explicatione,</strong></span> <span class='ocrx_word' id='word_1_137' title='bbox 351 1743 415 1806; x_wconf 92' lang='lat' dir='ltr'><strong>qua</strong></span> <span class='ocrx_word' id='word_1_138' title='bbox 432 1723 469 1784; x_wconf 81' lang='lat' dir='ltr'><strong>in</strong></span> <span class='ocrx_word' id='word_1_139' title='bbox 484 1717 670 1806; x_wconf 83' lang='lat' dir='ltr'><strong>significare</strong></span> <span class='ocrx_word' id='word_1_140' title='bbox 711 1719 802 1782; x_wconf 89' lang='lat' dir='ltr'><strong>ieunt</strong></span> <span class='ocrx_word' id='word_1_141' title='bbox 817 1719 907 1806; x_wconf 85' lang='lat' dir='ltr'><strong>quod</strong></span> <span class='ocrx_word' id='word_1_142' title='bbox 931 1723 1055 1788; x_wconf 82' lang='lat' dir='ltr'><strong>attinet</strong></span> <span class='ocrx_word' id='word_1_143' title='bbox 1080 1724 1142 1790; x_wconf 81' lang='lat' dir='ltr'><strong>ad.</strong></span> 
     </span>
     <span class='ocr_line' id='line_1_17' title="bbox 83 1805 1143 1896; baseline 0.004 -24"><span class='ocrx_word' id='word_1_144' title='bbox 83 1805 143 1874; x_wconf 90' lang='lat' dir='ltr'><strong>His</strong></span> <span class='ocrx_word' id='word_1_145' title='bbox 169 1811 260 1876; x_wconf 90' lang='lat' dir='ltr'><strong>enim</strong></span> <span class='ocrx_word' id='word_1_146' title='bbox 286 1807 393 1873; x_wconf 79' lang='lat' dir='ltr'><strong>verbis</strong></span> <span class='ocrx_word' id='word_1_147' title='bbox 420 1805 676 1894; x_wconf 78' lang='lat' dir='ltr'><strong>qualescumque</strong></span> <span class='ocrx_word' id='word_1_148' title='bbox 700 1825 814 1868; x_wconf 87' lang='lat' dir='ltr'><strong>rerum</strong></span> <span class='ocrx_word' id='word_1_149' title='bbox 834 1806 955 1870; x_wconf 89' lang='lat' dir='ltr'><strong>modos</strong></span> <span class='ocrx_word' id='word_1_150' title='bbox 980 1808 1143 1896; x_wconf 85' lang='lat' dir='ltr'><strong>designari</strong></span> 
     </span>
     <span class='ocr_line' id='line_1_18' title="bbox 83 1885 1145 1978; baseline 0.003 -19"><span class='ocrx_word' id='word_1_151' title='bbox 83 1895 174 1960; x_wconf 89' lang='lat' dir='ltr'><strong>licet.</strong></span> <span class='ocrx_word' id='word_1_152' title='bbox 217 1893 293 1961; x_wconf 88' lang='lat' dir='ltr'><strong>Vid.</strong></span> <span class='ocrx_word' id='word_1_153' title='bbox 318 1894 481 1958; x_wconf 82' lang='lat' dir='ltr'><strong>Goerenz.</strong></span> <span class='ocrx_word' id='word_1_154' title='bbox 503 1892 544 1957; x_wconf 92' lang='lat' dir='ltr'><strong>ad</strong></span> <span class='ocrx_word' id='word_1_155' title='bbox 565 1891 633 1974; x_wconf 86' lang='lat' dir='ltr'><strong>Cic.</strong></span> <span class='ocrx_word' id='word_1_156' title='bbox 655 1889 695 1954; x_wconf 90' lang='lat' dir='ltr'><strong>de</strong></span> <span class='ocrx_word' id='word_1_157' title='bbox 710 1885 778 1956; x_wconf 89' lang='lat' dir='ltr'><strong>Fin.</strong></span> <span class='ocrx_word' id='word_1_158' title='bbox 795 1891 835 1967; x_wconf 85' lang='grc'><strong>4,</strong></span> <span class='ocrx_word' id='word_1_159' title='bbox 854 1895 911 1972; x_wconf 90' lang='grc'><strong>14,</strong></span> <span class='ocrx_word' id='word_1_160' title='bbox 928 1898 980 1959; x_wconf 85' lang='grc'><strong>36.</strong></span> <span class='ocrx_word' id='word_1_161' title='bbox 1003 1906 1035 1960; x_wconf 88' lang='lat' dir='ltr'><strong>et</strong></span> <span class='ocrx_word' id='word_1_162' title='bbox 1050 1896 1091 1960; x_wconf 89' lang='lat' dir='ltr'><strong>ad</strong></span> <span class='ocrx_word' id='word_1_163' title='bbox 1110 1899 1145 1978; x_wconf 67' lang='lat'><strong>53</strong></span> 
     </span>
     <span class='ocr_line' id='line_1_19' title="bbox 85 1977 1143 2062; baseline 0.002 -18"><span class='ocrx_word' id='word_1_164' title='bbox 85 1986 139 2062; x_wconf 84' lang='lat'><strong>13,</strong></span> <span class='ocrx_word' id='word_1_165' title='bbox 155 1985 213 2046; x_wconf 74' lang='lat' dir='ltr'><strong>st.</strong></span> <span class='ocrx_word' id='word_1_166' title='bbox 231 1979 340 2045; x_wconf 83' lang='lat' dir='ltr'><strong>Herzo</strong></span> <span class='ocrx_word' id='word_1_167' title='bbox 365 2025 374 2043; x_wconf 92' lang='lat'><strong>.</strong></span> <span class='ocrx_word' id='word_1_168' title='bbox 395 1979 435 2044; x_wconf 91' lang='lat' dir='ltr'><strong>ad</strong></span> <span class='ocrx_word' id='word_1_169' title='bbox 449 1980 539 2044; x_wconf 86' lang='lat' dir='ltr'><strong>Caes.</strong></span> <span class='ocrx_word' id='word_1_170' title='bbox 555 1978 593 2044; x_wconf 86' lang='lat' dir='ltr'><strong>B.</strong></span> <span class='ocrx_word' id='word_1_171' title='bbox 611 1980 670 2044; x_wconf 88' lang='lat' dir='ltr'><strong>civ.</strong></span> <span class='ocrx_word' id='word_1_172' title='bbox 684 1981 715 2055; x_wconf 78' lang='lat'><strong>2,</strong></span> <span class='ocrx_word' id='word_1_173' title='bbox 735 1977 805 2042; x_wconf 91' lang='grc'><strong>105.</strong></span> <span class='ocrx_word' id='word_1_174' title='bbox 825 1977 935 2043; x_wconf 86' lang='lat' dir='ltr'><strong>Kritz.</strong></span> <span class='ocrx_word' id='word_1_175' title='bbox 953 1981 994 2044; x_wconf 91' lang='lat' dir='ltr'><strong>ad</strong></span> <span class='ocrx_word' id='word_1_176' title='bbox 1012 1981 1143 2047; x_wconf 86' lang='lat' dir='ltr'><strong>Sallust.</strong></span> 
     </span>
     <span class='ocr_line' id='line_1_20' title="bbox 81 2003 1204 2145; baseline 0 -13"><span class='ocrx_word' id='word_1_177' title='bbox 81 2067 157 2132; x_wconf 87' lang='lat' dir='ltr'><strong>Cat.</strong></span> <span class='ocrx_word' id='word_1_178' title='bbox 180 2068 244 2144; x_wconf 88' lang='grc'><strong>51,</strong></span> <span class='ocrx_word' id='word_1_179' title='bbox 270 2003 517 2131; x_wconf 55' lang='grc' dir='ltr'><strong>8515111.οά</strong></span> <span class='ocrx_word' id='word_1_180' title='bbox 543 2066 609 2129; x_wconf 86' lang='lat' dir='ltr'><strong>Cic.</strong></span> <span class='ocrx_word' id='word_1_181' title='bbox 636 2063 703 2128; x_wconf 88' lang='lat' dir='ltr'><strong>Off.</strong></span> <span class='ocrx_word' id='word_1_182' title='bbox 730 2070 766 2139; x_wconf 87' lang='grc'><strong>1,,</strong></span> <span class='ocrx_word' id='word_1_183' title='bbox 790 2067 849 2140; x_wconf 80' lang='grc'><strong>30,</strong></span> <span class='ocrx_word' id='word_1_184' title='bbox 873 2071 945 2130; x_wconf 83' lang='grc'><strong>139.</strong></span> <span class='ocrx_word' id='word_1_185' title='bbox 990 2069 1031 2131; x_wconf 76' lang='lat' dir='ltr'><strong>Aa</strong></span> <span class='ocrx_word' id='word_1_186' title='bbox 1055 2071 1168 2132; x_wconf 71' lang='lat' dir='ltr'><strong>ratio.</strong></span> <span class='ocrx_word' id='word_1_187' title='bbox 1197 2139 1204 2145; x_wconf 49' lang='lat'><strong>,</strong></span> 
     </span>
     <span class='ocr_line' id='line_1_21' title="bbox 80 2143 1167 2236; baseline 0.003 -19"><span class='ocrx_word' id='word_1_188' title='bbox 80 2173 204 2218; x_wconf 89' lang='lat' dir='ltr'><strong>earum</strong></span> <span class='ocrx_word' id='word_1_189' title='bbox 223 2150 426 2229; x_wconf 86' lang='lat' dir='ltr'><strong>dictionum,</strong></span> <span class='ocrx_word' id='word_1_190' title='bbox 450 2173 527 2236; x_wconf 86' lang='lat' dir='ltr'><strong>quas</strong></span> <span class='ocrx_word' id='word_1_191' title='bbox 550 2148 687 2216; x_wconf 86' lang='lat' dir='ltr'><strong>illi&#39;hne</strong></span> <span class='ocrx_word' id='word_1_192' title='bbox 708 2147 876 2226; x_wconf 84' lang='lat' dir='ltr'><strong>referunt,</strong></span> <span class='ocrx_word' id='word_1_193' title='bbox 897 2174 965 2215; x_wconf 90' lang='lat' dir='ltr'><strong>non</strong></span> <span class='ocrx_word' id='word_1_194' title='bbox 991 2153 1143 2220; x_wconf 82' lang='lat' dir='ltr'><strong>differta</strong></span> <span class='ocrx_word' id='word_1_195' title='bbox 1163 2143 1167 2156; x_wconf 60' lang='lat'><strong><em>¹</em></strong></span> 
     </span>
     <span class='ocr_line' id='line_1_22' title="bbox 76 2235 1143 2324; baseline 0.005 -24"><span class='ocrx_word' id='word_1_196' title='bbox 76 2236 223 2315; x_wconf 86' lang='lat' dir='ltr'><strong>ceteris,</strong></span> <span class='ocrx_word' id='word_1_197' title='bbox 246 2237 364 2322; x_wconf 87' lang='lat' dir='ltr'><strong>quibus</strong></span> <span class='ocrx_word' id='word_1_198' title='bbox 382 2237 504 2324; x_wconf 90' lang='lat' dir='ltr'><strong>aliquid</strong></span> <span class='ocrx_word' id='word_1_199' title='bbox 523 2235 644 2301; x_wconf 90' lang='lat' dir='ltr'><strong>dicitur</strong></span> <span class='ocrx_word' id='word_1_200' title='bbox 660 2258 819 2322; x_wconf 89' lang='lat' dir='ltr'><strong>apparere</strong></span> <span class='ocrx_word' id='word_1_201' title='bbox 838 2236 871 2300; x_wconf 93' lang='lat' dir='ltr'><strong>in</strong></span> <span class='ocrx_word' id='word_1_202' title='bbox 893 2237 1064 2324; x_wconf 89' lang='lat' dir='ltr'><strong>aliquare,</strong></span> <span class='ocrx_word' id='word_1_203' title='bbox 1086 2251 1143 2305; x_wconf 85' lang='lat' dir='ltr'><strong>aut</strong></span> 
     </span>
     <span class='ocr_line' id='line_1_23' title="bbox 77 2318 1234 2408; baseline 0.003 -20"><span class='ocrx_word' id='word_1_204' title='bbox 77 2324 254 2388; x_wconf 89' lang='lat' dir='ltr'><strong>actionem</strong></span> <span class='ocrx_word' id='word_1_205' title='bbox 271 2325 306 2388; x_wconf 90' lang='lat' dir='ltr'><strong>in</strong></span> <span class='ocrx_word' id='word_1_206' title='bbox 322 2321 430 2408; x_wconf 88' lang='lat' dir='ltr'><strong>aliqua</strong></span> <span class='ocrx_word' id='word_1_207' title='bbox 445 2345 481 2387; x_wconf 92' lang='lat' dir='ltr'><strong>re</strong></span> <span class='ocrx_word' id='word_1_208' title='bbox 502 2323 601 2386; x_wconf 89' lang='lat' dir='ltr'><strong>cerni.</strong></span> <span class='ocrx_word' id='word_1_209' title='bbox 632 2318 858 2408; x_wconf 86' lang='lat' dir='ltr'><strong>¹Intelligimus</strong></span> <span class='ocrx_word' id='word_1_210' title='bbox 883 2324 972 2388; x_wconf 89' lang='lat' dir='ltr'><strong>enim</strong></span> <span class='ocrx_word' id='word_1_211' title='bbox 994 2345 1085 2406; x_wconf 89' lang='lat' dir='ltr'><strong>rem,</strong></span> <span class='ocrx_word' id='word_1_212' title='bbox 1107 2327 1143 2392; x_wconf 89' lang='lat' dir='ltr'><strong>in</strong></span> <span class='ocrx_word' id='word_1_213' title='bbox 1174 2359 1178 2368; x_wconf 86' lang='lat'><em>·</em></span> <span class='ocrx_word' id='word_1_214' title='bbox 1217 2323 1234 2355; x_wconf 82' lang='lat'><strong>²&#39;</strong></span> 
     </span>
     <span class='ocr_line' id='line_1_24' title="bbox 9 2407 1191 2498; baseline 0.002 -25"><span class='ocrx_word' id='word_1_215' title='bbox 9 2459 12 2466; x_wconf 87' lang='lat'><strong>.</strong></span> <span class='ocrx_word' id='word_1_216' title='bbox 74 2425 143 2495; x_wconf 83' lang='lat' dir='ltr'><strong>qua</strong></span> <span class='ocrx_word' id='word_1_217' title='bbox 168 2408 290 2494; x_wconf 85' lang='lat' dir='ltr'><strong>aliquis</strong></span> <span class='ocrx_word' id='word_1_218' title='bbox 315 2418 463 2488; x_wconf 77' lang='lat' dir='ltr'><strong>uersatur</strong></span> <span class='ocrx_word' id='word_1_219' title='bbox 481 2407 630 2494; x_wconf 77' lang='lat' dir='ltr'><strong>agendo,</strong></span> <span class='ocrx_word' id='word_1_220' title='bbox 654 2419 710 2470; x_wconf 90' lang='lat' dir='ltr'><strong>aut</strong></span> <span class='ocrx_word' id='word_1_221' title='bbox 732 2429 833 2493; x_wconf 88' lang='lat' dir='ltr'><strong>quam</strong></span> <span class='ocrx_word' id='word_1_222' title='bbox 857 2410 929 2494; x_wconf 81' lang='lat' dir='ltr'><strong>quis</strong></span> <span class='ocrx_word' id='word_1_223' title='bbox 946 2432 1045 2494; x_wconf 89' lang='lat' dir='ltr'><strong>agens</strong></span> <span class='ocrx_word' id='word_1_224' title='bbox 1062 2432 1143 2498; x_wconf 87' lang='lat' dir='ltr'><strong>spe·</strong></span> <span class='ocrx_word' id='word_1_225' title='bbox 1187 2440 1191 2452; x_wconf 72' lang='lat'><strong><em>¹</em></strong></span> 
     </span>
     <span class='ocr_line' id='line_1_25' title="bbox 50 2485 1143 2581; baseline 0.004 -23"><span class='ocrx_word' id='word_1_226' title='bbox 50 2485 54 2519; x_wconf 79' lang='lat'><strong>¹</strong></span> <span class='ocrx_word' id='word_1_227' title='bbox 76 2505 156 2560; x_wconf 86' lang='lat' dir='ltr'><strong>ctat.</strong></span> <span class='ocrx_word' id='word_1_228' title='bbox 204 2493 321 2580; x_wconf 87' lang='lat' dir='ltr'><strong>ltaque</strong></span> <span class='ocrx_word' id='word_1_229' title='bbox 337 2493 452 2562; x_wconf 79' lang='lat' dir='ltr'><strong>elicere</strong></span> <span class='ocrx_word' id='word_1_230' title='bbox 472 2493 510 2558; x_wconf 78' lang='lat' dir='ltr'><strong>iu</strong></span> <span class='ocrx_word' id='word_1_231' title='bbox 528 2493 644 2581; x_wconf 85' lang='lat' dir='ltr'><strong>aliquo</strong></span> <span class='ocrx_word' id='word_1_232' title='bbox 661 2493 756 2556; x_wconf 88' lang='lat' dir='ltr'><strong>estin</strong></span> <span class='ocrx_word' id='word_1_233' title='bbox 775 2495 1016 2560; x_wconf 86' lang='lat' dir='ltr'><strong>considerando</strong></span> <span class='ocrx_word' id='word_1_234' title='bbox 1034 2518 1073 2560; x_wconf 91' lang='lat' dir='ltr'><strong>eo</strong></span> <span class='ocrx_word' id='word_1_235' title='bbox 1091 2497 1143 2562; x_wconf 82' lang='lat' dir='ltr'><strong>vel</strong></span> 
     </span>
    </p>
   </div>
   <div class='ocr_carea' id='block_1_5' title="bbox 10 2573 1359 2674">
    <p class='ocr_par' dir='ltr' id='par_1_5' title="bbox 10 2573 1359 2674">
     <span class='ocr_line' id='line_1_26' title="bbox 10 2573 1359 2674; baseline 0.003 -29"><span class='ocrx_word' id='word_1_236' title='bbox 10 2631 16 2645; x_wconf 78' lang='lat'><strong>.</strong></span> <span class='ocrx_word' id='word_1_237' title='bbox 73 2581 109 2645; x_wconf 91' lang='lat' dir='ltr'><strong>in</strong></span> <span class='ocrx_word' id='word_1_238' title='bbox 143 2573 326 2645; x_wconf 77' lang='lat' dir='ltr'><strong>iudicando</strong></span> <span class='ocrx_word' id='word_1_239' title='bbox 352 2603 403 2645; x_wconf 91' lang='lat' dir='ltr'><strong>eo.</strong></span> <span class='ocrx_word' id='word_1_240' title='bbox 455 2581 571 2645; x_wconf 80' lang='lat' dir='ltr'><strong>Graeca</strong></span> <span class='ocrx_word' id='word_1_241' title='bbox 600 2579 695 2664; x_wconf 73' lang='grc' dir='ltr'><em>λέγειν</em></span> <span class='ocrx_word' id='word_1_242' title='bbox 719 2580 752 2644; x_wconf 73' lang='lat' dir='ltr'><strong>lv</strong></span> <span class='ocrx_word' id='word_1_243' title='bbox 776 2603 847 2644; x_wconf 83' lang='grc' dir='ltr'><strong>τινι.</strong></span> <span class='ocrx_word' id='word_1_244' title='bbox 892 2581 956 2646; x_wconf 90' lang='lat' dir='ltr'><strong>vid.</strong></span> <span class='ocrx_word' id='word_1_245' title='bbox 980 2584 1142 2670; x_wconf 88' lang='lat' dir='ltr'><strong>Wytten-</strong></span> <span class='ocrx_word' id='word_1_246' title='bbox 1225 2588 1227 2593; x_wconf 84' lang='grc'><strong>’</strong></span> <span class='ocrx_word' id='word_1_247' title='bbox 1273 2575 1290 2674; x_wconf 33' lang='grc'><strong>,’</strong></span> <span class='ocrx_word' id='word_1_248' title='bbox 1358 2595 1359 2604; x_wconf 75' lang='grc'>’</span> 
     </span>
    </p>
   </div>
   <div class='ocr_carea' id='block_1_6' title="bbox 50 2663 1142 3438">
    <p class='ocr_par' dir='ltr' id='par_1_6' title="bbox 50 2663 1142 3438">
     <span class='ocr_line' id='line_1_27' title="bbox 74 2663 1142 2753; baseline 0.002 -22"><span class='ocrx_word' id='word_1_249' title='bbox 74 2663 175 2732; x_wconf 87' lang='lat' dir='ltr'><strong>bach.</strong></span> <span class='ocrx_word' id='word_1_250' title='bbox 210 2665 255 2730; x_wconf 86' lang='lat' dir='ltr'><strong>ad</strong></span> <span class='ocrx_word' id='word_1_251' title='bbox 279 2663 443 2752; x_wconf 82' lang='lat' dir='ltr'><strong>Plutarch.</strong></span> <span class='ocrx_word' id='word_1_252' title='bbox 474 2665 516 2730; x_wconf 84' lang='lat' dir='ltr'><strong>T.</strong></span> <span class='ocrx_word' id='word_1_253' title='bbox 538 2664 594 2730; x_wconf 90' lang='lat' dir='ltr'><strong>VI.</strong></span> <span class='ocrx_word' id='word_1_254' title='bbox 620 2687 653 2753; x_wconf 94' lang='lat' dir='ltr'><strong>p.</strong></span> <span class='ocrx_word' id='word_1_255' title='bbox 677 2666 752 2730; x_wconf 79' lang='lat'><strong>537.</strong></span> <span class='ocrx_word' id='word_1_256' title='bbox 795 2665 865 2730; x_wconf 88' lang='lat' dir='ltr'><strong>Nec</strong></span> <span class='ocrx_word' id='word_1_257' title='bbox 888 2676 1018 2732; x_wconf 88' lang='lat' dir='ltr'><strong>tantum</strong></span> <span class='ocrx_word' id='word_1_258' title='bbox 1042 2669 1142 2734; x_wconf 87' lang='lat' dir='ltr'><strong>verba</strong></span> 
     </span>
     <span class='ocr_line' id='line_1_28' title="bbox 74 2747 1142 2840; baseline 0.001 -22"><span class='ocrx_word' id='word_1_259' title='bbox 74 2747 275 2832; x_wconf 87' lang='lat' dir='ltr'><strong>accusandi,</strong></span> <span class='ocrx_word' id='word_1_260' title='bbox 307 2752 506 2840; x_wconf 78' lang='lat' dir='ltr'><strong>coarguendi</strong></span> <span class='ocrx_word' id='word_1_261' title='bbox 532 2751 634 2816; x_wconf 82' lang='lat' dir='ltr'><strong>huius</strong></span> <span class='ocrx_word' id='word_1_262' title='bbox 661 2761 738 2829; x_wconf 78' lang='lat' dir='ltr'><strong>sunt</strong></span> <span class='ocrx_word' id='word_1_263' title='bbox 768 2751 915 2837; x_wconf 85' lang='lat' dir='ltr'><strong>generis,</strong></span> <span class='ocrx_word' id='word_1_264' title='bbox 951 2755 1009 2818; x_wconf 89' lang='lat' dir='ltr'><strong>sed</strong></span> <span class='ocrx_word' id='word_1_265' title='bbox 1042 2756 1142 2820; x_wconf 89' lang='lat' dir='ltr'><strong>etiam</strong></span> 
     </span>
     <span class='ocr_line' id='line_1_29' title="bbox 50 2837 1141 2926; baseline 0.002 -22"><span class='ocrx_word' id='word_1_266' title='bbox 50 2848 53 2854; x_wconf 84' lang='lat'>&#39;</span> <span class='ocrx_word' id='word_1_267' title='bbox 71 2839 175 2904; x_wconf 87' lang='lat' dir='ltr'><strong>verba</strong></span> <span class='ocrx_word' id='word_1_268' title='bbox 194 2839 394 2914; x_wconf 85' lang='lat' dir='ltr'><strong>excusandi,</strong></span> <span class='ocrx_word' id='word_1_269' title='bbox 417 2837 591 2904; x_wconf 88' lang='lat' dir='ltr'><strong>adiuvandi</strong></span> <span class='ocrx_word' id='word_1_270' title='bbox 611 2847 643 2902; x_wconf 89' lang='lat' dir='ltr'><strong>et</strong></span> <span class='ocrx_word' id='word_1_271' title='bbox 659 2860 714 2914; x_wconf 87' lang='lat' dir='ltr'><strong>ea,</strong></span> <span class='ocrx_word' id='word_1_272' title='bbox 740 2859 824 2923; x_wconf 76' lang='lat' dir='ltr'><strong>quae</strong></span> <span class='ocrx_word' id='word_1_273' title='bbox 846 2837 990 2924; x_wconf 90' lang='lat' dir='ltr'><strong>aliquam</strong></span> <span class='ocrx_word' id='word_1_274' title='bbox 1015 2841 1141 2926; x_wconf 83' lang='lat' dir='ltr'><strong>cogita-</strong></span> 
     </span>
     <span class='ocr_line' id='line_1_30' title="bbox 53 2921 1141 3005; baseline 0.002 -17"><span class='ocrx_word' id='word_1_275' title='bbox 53 2925 176 2989; x_wconf 87' lang='lat' dir='ltr'><strong>·tionis</strong></span> <span class='ocrx_word' id='word_1_276' title='bbox 205 2923 261 2990; x_wconf 89' lang='lat' dir='ltr'><strong>vel</strong></span> <span class='ocrx_word' id='word_1_277' title='bbox 290 2923 423 2988; x_wconf 85' lang='lat' dir='ltr'><strong>affectus</strong></span> <span class='ocrx_word' id='word_1_278' title='bbox 447 2924 550 2987; x_wconf 90' lang='lat' dir='ltr'><strong>animi</strong></span> <span class='ocrx_word' id='word_1_279' title='bbox 575 2921 811 2986; x_wconf 88' lang='lat' dir='ltr'><strong>excitationem</strong></span> <span class='ocrx_word' id='word_1_280' title='bbox 835 2923 1012 3005; x_wconf 88' lang='lat' dir='ltr'><strong>denotant,</strong></span> <span class='ocrx_word' id='word_1_281' title='bbox 1042 2926 1141 2990; x_wconf 85' lang='lat' dir='ltr'><strong>veluti</strong></span> 
     </span>
     <span class='ocr_line' id='line_1_31' title="bbox 71 3007 1140 3088; baseline 0 -15"><span class='ocrx_word' id='word_1_282' title='bbox 71 3009 177 3076; x_wconf 88' lang='lat' dir='ltr'><strong>verba</strong></span> <span class='ocrx_word' id='word_1_283' title='bbox 204 3007 356 3088; x_wconf 85' lang='lat' dir='ltr'><strong>doloris,</strong></span> <span class='ocrx_word' id='word_1_284' title='bbox 385 3008 543 3080; x_wconf 84' lang='lat' dir='ltr'><strong>laetitiae,</strong></span> <span class='ocrx_word' id='word_1_285' title='bbox 574 3007 810 3070; x_wconf 87' lang='lat' dir='ltr'><strong>admirationis.</strong></span> <span class='ocrx_word' id='word_1_286' title='bbox 856 3007 900 3073; x_wconf 82' lang='lat' dir='ltr'><strong>cf.</strong></span> <span class='ocrx_word' id='word_1_287' title='bbox 924 3009 1074 3073; x_wconf 88' lang='lat' dir='ltr'><strong>Bremius</strong></span> <span class='ocrx_word' id='word_1_288' title='bbox 1100 3011 1140 3074; x_wconf 89' lang='lat' dir='ltr'><strong>ad</strong></span> 
     </span>
     <span class='ocr_line' id='line_1_32' title="bbox 70 3090 1142 3174; baseline 0 -14"><span class='ocrx_word' id='word_1_289' title='bbox 70 3097 141 3162; x_wconf 87' lang='lat' dir='ltr'><strong>Cic.</strong></span> <span class='ocrx_word' id='word_1_290' title='bbox 162 3096 208 3162; x_wconf 89' lang='lat' dir='ltr'><strong>de</strong></span> <span class='ocrx_word' id='word_1_291' title='bbox 226 3093 302 3160; x_wconf 89' lang='lat' dir='ltr'><strong>Fin.</strong></span> <span class='ocrx_word' id='word_1_292' title='bbox 322 3101 359 3174; x_wconf 89' lang='lat'><strong>1,</strong></span> <span class='ocrx_word' id='word_1_293' title='bbox 375 3097 407 3158; x_wconf 82' lang='lat'><strong>2.</strong></span> <span class='ocrx_word' id='word_1_294' title='bbox 432 3092 473 3154; x_wconf 92' lang='lat' dir='ltr'><strong>ad</strong></span> <span class='ocrx_word' id='word_1_295' title='bbox 493 3092 628 3155; x_wconf 90' lang='lat' dir='ltr'><strong>Cornel.</strong></span> <span class='ocrx_word' id='word_1_296' title='bbox 643 3090 769 3155; x_wconf 87' lang='lat' dir='ltr'><strong>Timol.</strong></span> <span class='ocrx_word' id='word_1_297' title='bbox 788 3093 825 3164; x_wconf 83' lang='lat'><strong>4,</strong></span> <span class='ocrx_word' id='word_1_298' title='bbox 844 3097 874 3156; x_wconf 79' lang='lat'><strong>3.</strong></span> <span class='ocrx_word' id='word_1_299' title='bbox 898 3095 1013 3158; x_wconf 88' lang='lat' dir='ltr'><strong>Graeci</strong></span> <span class='ocrx_word' id='word_1_300' title='bbox 1028 3094 1142 3160; x_wconf 88' lang='lat' dir='ltr'><strong>dicunt</strong></span> 
     </span>
     <span class='ocr_line' id='line_1_33' title="bbox 68 3176 1140 3268; baseline 0 -22"><span class='ocrx_word' id='word_1_301' title='bbox 68 3184 190 3267; x_wconf 73' lang='grc' dir='ltr'><strong><em>χαίρειν</em></strong></span> <span class='ocrx_word' id='word_1_302' title='bbox 208 3182 263 3247; x_wconf 75' lang='grc' dir='ltr'><strong>ἐπί</strong></span> <span class='ocrx_word' id='word_1_303' title='bbox 277 3203 336 3244; x_wconf 82' lang='grc' dir='ltr'><strong><em>τινι</em></strong></span> <span class='ocrx_word' id='word_1_304' title='bbox 351 3188 384 3242; x_wconf 90' lang='lat' dir='ltr'><strong>et</strong></span> <span class='ocrx_word' id='word_1_305' title='bbox 402 3179 515 3261; x_wconf 75' lang='grc' dir='ltr'><strong><em>χαίρειν</em></strong></span> <span class='ocrx_word' id='word_1_306' title='bbox 530 3179 598 3240; x_wconf 75' lang='grc' dir='ltr'><strong>τινί.</strong></span> <span class='ocrx_word' id='word_1_307' title='bbox 630 3176 845 3240; x_wconf 90' lang='lat' dir='ltr'><strong>Grammatici</strong></span> <span class='ocrx_word' id='word_1_308' title='bbox 859 3178 893 3242; x_wconf 89' lang='lat' dir='ltr'><strong>in</strong></span> <span class='ocrx_word' id='word_1_309' title='bbox 909 3178 1140 3268; x_wconf 85' lang='lat' dir='ltr'><strong>distinguendo</strong></span> 
     </span>
     <span class='ocr_line' id='line_1_34' title="bbox 68 3260 1141 3350; baseline 0.001 -18"><span class='ocrx_word' id='word_1_310' title='bbox 68 3289 132 3332; x_wconf 90' lang='lat' dir='ltr'><strong>usu</strong></span> <span class='ocrx_word' id='word_1_311' title='bbox 167 3265 316 3334; x_wconf 87' lang='lat' dir='ltr'><strong>ablativi·</strong></span> <span class='ocrx_word' id='word_1_312' title='bbox 337 3263 498 3350; x_wconf 85' lang='lat' dir='ltr'><strong>simplicis</strong></span> <span class='ocrx_word' id='word_1_313' title='bbox 528 3260 618 3326; x_wconf 92' lang='lat' dir='ltr'><strong>haud</strong></span> <span class='ocrx_word' id='word_1_314' title='bbox 649 3284 729 3327; x_wconf 85' lang='lat' dir='ltr'><strong>raro</strong></span> <span class='ocrx_word' id='word_1_315' title='bbox 760 3262 923 3331; x_wconf 89' lang='lat' dir='ltr'><strong>vacillant.</strong></span> <span class='ocrx_word' id='word_1_316' title='bbox 968 3267 1051 3332; x_wconf 76' lang='lat' dir='ltr'><strong>Vade</strong></span> <span class='ocrx_word' id='word_1_317' title='bbox 1075 3265 1141 3334; x_wconf 89' lang='lat' dir='ltr'><strong>Be-</strong></span> 
     </span>
     <span class='ocr_line' id='line_1_35' title="bbox 66 3346 857 3438; baseline -0.006 -19"><span class='ocrx_word' id='word_1_318' title='bbox 66 3354 241 3423; x_wconf 86' lang='lat' dir='ltr'><strong>neckiuru</strong></span> <span class='ocrx_word' id='word_1_319' title='bbox 259 3351 300 3418; x_wconf 90' lang='lat' dir='ltr'><strong>ad</strong></span> <span class='ocrx_word' id='word_1_320' title='bbox 317 3351 385 3418; x_wconf 86' lang='lat' dir='ltr'><strong>Cic.</strong></span> <span class='ocrx_word' id='word_1_321' title='bbox 403 3348 498 3415; x_wconf 82' lang='lat' dir='ltr'><strong>catil.</strong></span> <span class='ocrx_word' id='word_1_322' title='bbox 522 3346 559 3438; x_wconf 86' lang='lat' dir='ltr'><strong>p.</strong></span> <span class='ocrx_word' id='word_1_323' title='bbox 579 3351 650 3413; x_wconf 72' lang='lat'><strong>112.</strong></span> <span class='ocrx_word' id='word_1_324' title='bbox 674 3358 707 3412; x_wconf 87' lang='lat' dir='ltr'><strong>et</strong></span> <span class='ocrx_word' id='word_1_325' title='bbox 730 3371 764 3438; x_wconf 91' lang='lat' dir='ltr'><strong>p.</strong></span> <span class='ocrx_word' id='word_1_326' title='bbox 784 3351 857 3414; x_wconf 84' lang='lat'><strong>156.</strong></span> 
     </span>
    </p>
   </div>
   <div class='ocr_carea' id='block_1_7' title="bbox 43 3470 1213 4136">
    <p class='ocr_par' dir='ltr' id='par_1_7' title="bbox 135 3470 1140 3636">
     <span class='ocr_line' id='line_1_36' title="bbox 174 3470 1139 3539; baseline -0.004 -9"><span class='ocrx_word' id='word_1_327' title='bbox 174 3475 242 3530; x_wconf 79' lang='lat' dir='ltr'><strong>cic.</strong></span> <span class='ocrx_word' id='word_1_328' title='bbox 259 3473 295 3526; x_wconf 83' lang='lat' dir='ltr'><strong>ad</strong></span> <span class='ocrx_word' id='word_1_329' title='bbox 313 3473 369 3527; x_wconf 78' lang='lat' dir='ltr'><strong>All.</strong></span> <span class='ocrx_word' id='word_1_330' title='bbox 389 3470 471 3538; x_wconf 57' lang='lat' dir='ltr'><strong>u,1.,</strong></span> <span class='ocrx_word' id='word_1_331' title='bbox 497 3471 565 3538; x_wconf 75' lang='lat' dir='ltr'><strong>quoa</strong></span> <span class='ocrx_word' id='word_1_332' title='bbox 592 3487 642 3539; x_wconf 84' lang='lat' dir='ltr'><strong>ego</strong></span> <span class='ocrx_word' id='word_1_333' title='bbox 665 3470 797 3537; x_wconf 79' lang='lat' dir='ltr'><strong>Torquato</strong></span> <span class='ocrx_word' id='word_1_334' title='bbox 816 3476 903 3522; x_wconf 84' lang='lat' dir='ltr'><strong>uestro</strong></span> <span class='ocrx_word' id='word_1_335' title='bbox 923 3471 951 3522; x_wconf 80' lang='lat' dir='ltr'><strong>lu</strong></span> <span class='ocrx_word' id='word_1_336' title='bbox 970 3477 1014 3534; x_wconf 79' lang='lat' dir='ltr'><strong>lup</strong></span> <span class='ocrx_word' id='word_1_337' title='bbox 1030 3473 1139 3538; x_wconf 78' lang='lat' dir='ltr'><strong>Laenio,</strong></span> 
     </span>
     <span class='ocr_line' id='line_1_37' title="bbox 135 3551 1140 3636; baseline -0.005 -21"><span class='ocrx_word' id='word_1_338' title='bbox 135 3559 272 3630; x_wconf 78' lang='lat' dir='ltr'><strong>Pompeio</strong></span> <span class='ocrx_word' id='word_1_339' title='bbox 285 3559 337 3628; x_wconf 79' lang='lat' dir='ltr'><strong>ipsi</strong></span> <span class='ocrx_word' id='word_1_340' title='bbox 352 3557 382 3611; x_wconf 80' lang='lat' dir='ltr'><strong>lu</strong></span> <span class='ocrx_word' id='word_1_341' title='bbox 395 3559 461 3610; x_wconf 84' lang='lat' dir='ltr'><strong>Scat.</strong></span> <span class='ocrx_word' id='word_1_342' title='bbox 475 3554 560 3608; x_wconf 84' lang='lat' dir='ltr'><strong>Statio</strong></span> <span class='ocrx_word' id='word_1_343' title='bbox 576 3553 683 3624; x_wconf 81' lang='lat' dir='ltr'><strong>negavi.</strong></span> <span class='ocrx_word' id='word_1_344' title='bbox 719 3553 753 3605; x_wconf 86' lang='lat' dir='ltr'><strong>de</strong></span> <span class='ocrx_word' id='word_1_345' title='bbox 768 3552 830 3606; x_wconf 88' lang='lat' dir='ltr'><strong>Fin.</strong></span> <span class='ocrx_word' id='word_1_346' title='bbox 844 3551 871 3636; x_wconf 73' lang='lat'><strong>4,</strong></span> <span class='ocrx_word' id='word_1_347' title='bbox 886 3551 928 3618; x_wconf 89' lang='grc'><strong>14,</strong></span> <span class='ocrx_word' id='word_1_348' title='bbox 943 3553 985 3608; x_wconf 73' lang='grc'><strong>31.</strong></span> <span class='ocrx_word' id='word_1_349' title='bbox 1004 3557 1140 3627; x_wconf 78' lang='lat' dir='ltr'><strong>sicigitur</strong></span> 
     </span>
    </p>

    <p class='ocr_par' dir='ltr' id='par_1_8' title="bbox 135 3625 1213 3715">
     <span class='ocr_line' id='line_1_38' title="bbox 135 3625 1213 3715; baseline -0.006 -15"><span class='ocrx_word' id='word_1_350' title='bbox 135 3649 167 3700; x_wconf 82' lang='lat' dir='ltr'><strong>ln</strong></span> <span class='ocrx_word' id='word_1_351' title='bbox 192 3643 307 3712; x_wconf 78' lang='lat' dir='ltr'><strong>homine</strong></span> <span class='ocrx_word' id='word_1_352' title='bbox 332 3643 457 3712; x_wconf 81' lang='lat' dir='ltr'><strong>perfectio</strong></span> <span class='ocrx_word' id='word_1_353' title='bbox 478 3641 544 3703; x_wconf 82' lang='lat' dir='ltr'><strong>lala,</strong></span> <span class='ocrx_word' id='word_1_354' title='bbox 562 3639 592 3689; x_wconf 81' lang='lat' dir='ltr'><strong>ia</strong></span> <span class='ocrx_word' id='word_1_355' title='bbox 614 3655 642 3690; x_wconf 89' lang='lat' dir='ltr'><strong>ea</strong></span> <span class='ocrx_word' id='word_1_356' title='bbox 658 3639 837 3706; x_wconf 74' lang='lat' dir='ltr'><strong>potissimum,</strong></span> <span class='ocrx_word' id='word_1_357' title='bbox 859 3639 928 3715; x_wconf 74' lang='lat' dir='ltr'><strong>quad</strong></span> <span class='ocrx_word' id='word_1_358' title='bbox 947 3646 986 3692; x_wconf 66' lang='lat' dir='ltr'><strong>&#39;ert</strong></span> <span class='ocrx_word' id='word_1_359' title='bbox 1006 3642 1137 3709; x_wconf 80' lang='lat' dir='ltr'><strong>optimum,</strong></span> <span class='ocrx_word' id='word_1_360' title='bbox 1180 3635 1183 3643; x_wconf 87' lang='grc'>’</span> <span class='ocrx_word' id='word_1_361' title='bbox 1209 3625 1213 3640; x_wconf 44' lang='lat'><em>¹</em></span> 
     </span>
    </p>

    <p class='ocr_par' dir='ltr' id='par_1_9' title="bbox 135 3720 1137 3792">
     <span class='ocr_line' id='line_1_39' title="bbox 135 3720 1137 3792; baseline -0.009 -6"><span class='ocrx_word' id='word_1_362' title='bbox 135 3733 170 3786; x_wconf 81' lang='lat' dir='ltr'><strong>e&#39;d</strong></span> <span class='ocrx_word' id='word_1_363' title='bbox 190 3735 236 3783; x_wconf 83' lang='lat' dir='ltr'><strong>est</strong></span> <span class='ocrx_word' id='word_1_364' title='bbox 254 3728 284 3779; x_wconf 82' lang='lat' dir='ltr'><strong>e&#39;a</strong></span> <span class='ocrx_word' id='word_1_365' title='bbox 304 3729 415 3792; x_wconf 81' lang='lat' dir='ltr'><strong>uirtute,</strong></span> <span class='ocrx_word' id='word_1_366' title='bbox 442 3725 578 3777; x_wconf 83' lang='lat' dir='ltr'><strong>laudatur.</strong></span> <span class='ocrx_word' id='word_1_367' title='bbox 611 3720 645 3788; x_wconf 88' lang='grc'><strong>4,</strong></span> <span class='ocrx_word' id='word_1_368' title='bbox 661 3720 693 3788; x_wconf 77' lang='lat' dir='ltr'><strong>l,</strong></span> <span class='ocrx_word' id='word_1_369' title='bbox 714 3721 757 3774; x_wconf 77' lang='lat' dir='ltr'><strong>lt.</strong></span> <span class='ocrx_word' id='word_1_370' title='bbox 776 3723 805 3774; x_wconf 83' lang='lat' dir='ltr'><strong>lu</strong></span> <span class='ocrx_word' id='word_1_371' title='bbox 824 3729 933 3790; x_wconf 81' lang='lat' dir='ltr'><strong>utroque</strong></span> <span class='ocrx_word' id='word_1_372' title='bbox 952 3724 1051 3777; x_wconf 80' lang='lat' dir='ltr'><strong>iuuaret</strong></span> <span class='ocrx_word' id='word_1_373' title='bbox 1071 3744 1137 3779; x_wconf 75' lang='lat' dir='ltr'><strong>mm.</strong></span> 
     </span>
    </p>

    <p class='ocr_par' dir='ltr' id='par_1_10' title="bbox 72 3806 1139 3881">
     <span class='ocr_line' id='line_1_40' title="bbox 72 3806 1139 3881; baseline -0.004 -14"><span class='ocrx_word' id='word_1_374' title='bbox 72 3849 77 3856; x_wconf 83' lang='lat'><em>,</em></span> <span class='ocrx_word' id='word_1_375' title='bbox 135 3809 292 3881; x_wconf 68' lang='lat' dir='ltr'><strong>e,4,1a</strong></span> <span class='ocrx_word' id='word_1_376' title='bbox 312 3810 648 3875; x_wconf 79' lang='lat' dir='ltr'><strong>iuvareeulminutraquc</strong></span> <span class='ocrx_word' id='word_1_377' title='bbox 673 3808 776 3860; x_wconf 72' lang='lat' dir='ltr'><strong>dicitur.</strong></span> <span class='ocrx_word' id='word_1_378' title='bbox 803 3806 852 3858; x_wconf 91' lang='lat' dir='ltr'><strong>ubi</strong></span> <span class='ocrx_word' id='word_1_379' title='bbox 875 3807 949 3860; x_wconf 84' lang='lat' dir='ltr'><strong>male</strong></span> <span class='ocrx_word' id='word_1_380' title='bbox 973 3809 1139 3880; x_wconf 85' lang='lat' dir='ltr'><strong>coniungunt</strong></span> 
     </span>
    </p>

    <p class='ocr_par' dir='ltr' id='par_1_11' title="bbox 134 3890 1138 3964">
     <span class='ocr_line' id='line_1_41' title="bbox 134 3890 1138 3964; baseline -0.009 -9"><span class='ocrx_word' id='word_1_381' title='bbox 134 3901 234 3954; x_wconf 77' lang='lat' dir='ltr'><strong>verba</strong></span> <span class='ocrx_word' id='word_1_382' title='bbox 252 3897 283 3950; x_wconf 81' lang='lat' dir='ltr'><strong>lu</strong></span> <span class='ocrx_word' id='word_1_383' title='bbox 297 3903 404 3964; x_wconf 79' lang='lat' dir='ltr'><strong>utraque</strong></span> <span class='ocrx_word' id='word_1_384' title='bbox 418 3895 523 3948; x_wconf 77' lang='lat' dir='ltr'><strong>dicitur.</strong></span> <span class='ocrx_word' id='word_1_385' title='bbox 559 3893 652 3946; x_wconf 77' lang='lat' dir='ltr'><strong>Celeus</strong></span> <span class='ocrx_word' id='word_1_386' title='bbox 666 3891 699 3956; x_wconf 80' lang='grc'><strong>3,</strong></span> <span class='ocrx_word' id='word_1_387' title='bbox 716 3890 741 3943; x_wconf 90' lang='grc'><strong>0.</strong></span> <span class='ocrx_word' id='word_1_388' title='bbox 766 3909 865 3945; x_wconf 77' lang='lat' dir='ltr'><strong>necesse</strong></span> <span class='ocrx_word' id='word_1_389' title='bbox 879 3899 919 3945; x_wconf 83' lang='lat' dir='ltr'><strong>est</strong></span> <span class='ocrx_word' id='word_1_390' title='bbox 939 3921 973 3932; x_wconf 90' lang='lat'><strong>·-</strong></span> <span class='ocrx_word' id='word_1_391' title='bbox 991 3901 1064 3954; x_wconf 77' lang='lat' dir='ltr'><strong>tauta</strong></span> <span class='ocrx_word' id='word_1_392' title='bbox 1080 3913 1138 3947; x_wconf 83' lang='lat' dir='ltr'><strong>ma-</strong></span> 
     </span>
    </p>

    <p class='ocr_par' dir='ltr' id='par_1_12' title="bbox 43 3969 1141 4056">
     <span class='ocr_line' id='line_1_42' title="bbox 43 3969 1141 4056; baseline -0.007 -18"><span class='ocrx_word' id='word_1_393' title='bbox 43 4040 47 4046; x_wconf 68' lang='lat'><strong>,</strong></span> <span class='ocrx_word' id='word_1_394' title='bbox 131 3987 183 4056; x_wconf 77' lang='lat' dir='ltr'><strong>gle</strong></span> <span class='ocrx_word' id='word_1_395' title='bbox 203 3982 302 4052; x_wconf 79' lang='lat' dir='ltr'><strong>aegris</strong></span> <span class='ocrx_word' id='word_1_396' title='bbox 315 3981 342 4032; x_wconf 83' lang='lat' dir='ltr'><strong>ln</strong></span> <span class='ocrx_word' id='word_1_397' title='bbox 362 3970 580 4048; x_wconf 56' lang='lat' dir='ltr'><strong>potione,&#39;quam</strong></span> <span class='ocrx_word' id='word_1_398' title='bbox 599 3979 627 4030; x_wconf 85' lang='lat' dir='ltr'><strong>lu</strong></span> <span class='ocrx_word' id='word_1_399' title='bbox 649 3979 705 4030; x_wconf 81' lang='lat' dir='ltr'><strong>cita</strong></span> <span class='ocrx_word' id='word_1_400' title='bbox 720 3969 866 4048; x_wconf 77' lang='lat' dir='ltr'><strong>indulgere.</strong></span> <span class='ocrx_word' id='word_1_401' title='bbox 901 3979 979 4032; x_wconf 80' lang='lat' dir='ltr'><strong>caes.</strong></span> <span class='ocrx_word' id='word_1_402' title='bbox 992 3979 1026 4030; x_wconf 90' lang='lat' dir='ltr'><strong>B.</strong></span> <span class='ocrx_word' id='word_1_403' title='bbox 1041 3978 1093 4030; x_wconf 84' lang='lat' dir='ltr'><strong>civ.</strong></span> <span class='ocrx_word' id='word_1_404' title='bbox 1111 3977 1141 4041; x_wconf 72' lang='lat'><strong>2,</strong></span> 
     </span>
    </p>

    <p class='ocr_par' dir='ltr' id='par_1_13' title="bbox 132 4063 1138 4136">
     <span class='ocr_line' id='line_1_43' title="bbox 132 4063 1138 4136; baseline -0.004 -15"><span class='ocrx_word' id='word_1_405' title='bbox 132 4067 202 4122; x_wconf 85' lang='lat'><strong>105.</strong></span> <span class='ocrx_word' id='word_1_406' title='bbox 225 4066 327 4120; x_wconf 71' lang='lat' dir='ltr'><strong>esaar</strong></span> <span class='ocrx_word' id='word_1_407' title='bbox 343 4089 377 4104; x_wconf 91' lang='lat'>-</span> <span class='ocrx_word' id='word_1_408' title='bbox 393 4065 553 4133; x_wconf 76' lang='lat' dir='ltr'><strong>reperiebat,</strong></span> <span class='ocrx_word' id='word_1_409' title='bbox 574 4064 604 4118; x_wconf 84' lang='grc' dir='ltr'><strong>Τ.</strong></span> <span class='ocrx_word' id='word_1_410' title='bbox 619 4063 744 4132; x_wconf 81' lang='lat' dir='ltr'><strong>Ampium</strong></span> <span class='ocrx_word' id='word_1_411' title='bbox 769 4069 961 4132; x_wconf 75' lang='lat' dir='ltr'><strong>conclamasse</strong></span> <span class='ocrx_word' id='word_1_412' title='bbox 981 4063 1070 4136; x_wconf 75' lang='lat' dir='ltr'><strong>tallere</strong></span> <span class='ocrx_word' id='word_1_413' title='bbox 1089 4080 1138 4130; x_wconf 83' lang='lat' dir='ltr'><strong>pe-</strong></span> 
     </span>
    </p>
   </div>
   <div class='ocr_carea' id='block_1_8' title="bbox 129 4145 1138 4222">
    <p class='ocr_par' dir='ltr' id='par_1_14' title="bbox 129 4145 1138 4222">
     <span class='ocr_line' id='line_1_44' title="bbox 129 4145 1138 4222; baseline -0.009 -13"><span class='ocrx_word' id='word_1_414' title='bbox 129 4153 234 4209; x_wconf 79' lang='lat' dir='ltr'><strong>cuniae</strong></span> <span class='ocrx_word' id='word_1_415' title='bbox 252 4150 356 4222; x_wconf 78' lang='lat' dir='ltr'><strong>Epteea</strong></span> <span class='ocrx_word' id='word_1_416' title='bbox 371 4165 402 4204; x_wconf 81' lang='lat' dir='ltr'><strong>ea</strong></span> <span class='ocrx_word' id='word_1_417' title='bbox 411 4145 483 4218; x_wconf 72' lang='lat' dir='ltr'><strong>suaa</strong></span> <span class='ocrx_word' id='word_1_418' title='bbox 497 4149 600 4206; x_wconf 77' lang='lat' dir='ltr'><strong>Dianae</strong></span> <span class='ocrx_word' id='word_1_419' title='bbox 616 4149 719 4218; x_wconf 68' lang='lat' dir='ltr'><strong>emaque</strong></span> <span class='ocrx_word' id='word_1_420' title='bbox 740 4146 780 4208; x_wconf 82' lang='lat' dir='ltr'><strong>rel</strong></span> <span class='ocrx_word' id='word_1_421' title='bbox 794 4163 889 4202; x_wconf 83' lang='lat' dir='ltr'><strong>caueae</strong></span> <span class='ocrx_word' id='word_1_422' title='bbox 903 4154 1036 4204; x_wconf 68' lang='lat' dir='ltr'><strong>neumae·</strong></span> <span class='ocrx_word' id='word_1_423' title='bbox 1052 4161 1138 4201; x_wconf 83' lang='lat' dir='ltr'><strong>omues</strong></span> 
     </span>
    </p>
   </div>
   <div class='ocr_carea' id='block_1_9' title="bbox 0 0 1374 4730">
    <p class='ocr_par' dir='ltr' id='par_1_15' title="bbox 0 0 1374 4730">
     <span class='ocr_line' id='line_1_45' title="bbox 0 0 1374 4730; baseline 0 3"><span class='ocrx_word' id='word_1_424' title='bbox 0 0 1374 4730; x_wconf 95' lang='lat' dir='ltr'><strong> </strong></span> 
     </span>
    </p>
   </div>
  </div>
 </body>
</html>
