3132 4718
650 273 736 356 rra.
832 236 834 248 ¹
1130 239 1237 398 ,aar

167 438 307 506 strativa
324 439 449 528 syllaba
466 451 525 520 ta,
555 443 608 506 cui
631 449 787 526 cognatae
807 441 933 507 formae
956 452 1033 508 sunt
1050 456 1102 510 tas
1125 447 1212 535 (vide

171 526 315 614 igitur),
338 539 421 602 tram,
439 527 469 590 a·
483 531 499 608 (
501 527 535 590 in
551 527 629 610 uti),
654 539 721 592 tem
741 527 909 614 (initam).
951 528 1116 598 Nimirum
1134 539 1212 622 opi-

166 613 311 674 nionem
331 611 421 676 illam
444 621 621 687 vetustam,
640 613 863 696 quamllenr.
888 612 1070 700 Stephanus
1094 617 1213 685 defen-

168 695 242 770 dit,
268 695 321 760 ita
339 717 406 761 essa
428 717 581 780 graecum
607 692 686 774 elac,
707 697 763 778 viar
786 700 1066 784 operaepretium
1088 713 1136 766 est
1158 701 1211 770 re·

165 779 299 844 futare:
322 779 401 845 haec
414 783 504 846 enim
520 780 673 866 voeabula
688 803 749 846 nec
772 782 897 868 origine
918 805 979 848 nec
1002 786 1212 870 significatio-

165 887 216 929 na
230 865 317 930 inter
331 887 365 929 se
385 876 572 930 nectuntur.
615 865 709 930 Ratio
724 887 819 934 vero.
844 888 925 954 quae
946 873 1031 936 inter
1055 872 1084 936 is
1107 885 1139 937 et
1158 875 1211 940 ita

167 949 357 1032 intercedit,
374 951 486 1017 eudem
505 961 563 1026 est,
585 971 666 1037 quae
681 951 766 1016 inter
779 945 867 1026 οὗτος
881 961 912 1016 et
929 949 1025 1029 οὕτως
1039 969 1184 1044 apparet.

275 1069 433 1124 Priscianus
450 1088 474 1137 p.
491 1069 567 1122 ΜΠ.
583 1072 623 1124 tto
638 1069 732 1122 rotulit
746 1069 816 1122 inter
830 1071 1125 1140 adverbiuprimitiva,
1142 1095 1211 1148 quaa

241 1154 346 1206 nullam
361 1157 486 1224 togulam
500 1155 535 1208 ad
550 1153 753 1207 similitudinem
768 1155 815 1206 vel
829 1155 1002 1208 collationem
1017 1158 1133 1216 aliorum
1148 1179 1211 1230 pos-

241 1244 301 1291 sent
326 1239 468 1307 accipere,
499 1239 581 1308 idque
596 1237 782 1292 confirmarit
812 1244 973 1311 argumento
995 1242 1119 1311 syllabae
1145 1261 1211 1298 cor-

241 1327 338 1392 reptae
355 1343 382 1377 u.

254 1423 420 1511 Significat
446 1446 484 1489 eo
506 1424 626 1505 mode,
659 1447 733 1490 eum
759 1426 797 1490 iu
818 1423 972 1505 mortam,
1000 1423 1097 1514 atque
1127 1429 1231 1494 dell-“
1298 1467 1300 1472 s

166 1506 311 1580 niendus
329 1522 377 1574 est
393 1511 512 1574 modus
529 1521 583 1577 aut
608 1512 733 1574 adiecto
756 1510 890 1574 relativo
914 1521 969 1576 aut
991 1513 1060 1578 aliis
1087 1516 1208 1579 verbis:

167 1614 273 1678 quam
288 1593 433 1659 formam
447 1596 652 1681 grammatici
678 1587 900 1658 correlativam
926 1595 1103 1684 appellant.
1146 1601 1210 1664 La·

167 1677 235 1740 tini
257 1690 363 1744 autem
381 1680 464 1744 hanc
481 1681 653 1744 notionem
670 1682 763 1744 etiam
782 1680 931 1759 similiter
946 1683 1136 1768 exprimunt
1150 1706 1210 1748 vo-

167 1763 288 1828 cabulo
306 1766 373 1846 sic,
397 1765 485 1852 quod
507 1765 675 1852 quomodo
699 1765 739 1828 ab
763 1767 815 1829 ita
837 1765 983 1846 dill'erat,
1006 1766 1210 1852 grammatici

167 1851 336 1912 contraria
353 1852 510 1936 opinione
525 1853 735 1914 constituunt.
777 1849 860 1913 Nam
872 1851 1053 1938 Herzogius
1069 1851 1108 1915 ad
1119 1855 1209 1919 Caes.

165 1931 210 1998 B.
229 1934 303 2020 gall.
320 1939 352 2014 4,
369 1940 420 1998 29.
437 1935 630 2020 particulam
649 1937 697 1999 sie
715 1935 859 2022 logicam
884 1947 995 2011 vocat,
1021 1957 1102 2021 quae
1121 1939 1210 2002 iudi-

167 2020 262 2083 cium
282 2019 469 2082 moderetur
492 2020 551 2098 ita,
575 2030 612 2082 ut
636 2021 772 2093 indicet,
800 2021 972 2105 quomodo
991 2043 1062 2085 rem
1081 2023 1209 2109 cogite-

165 2123 248 2168 mus
264 2103 508 2190 comparando,
531 2103 619 2188 quod
636 2105 677 2168 sit
691 2103 725 2168 in
744 2105 820 2168 dem
837 2104 975 2182 Grada,
1001 2105 1209 2193 dergestalt:
1262 2133 1272 2186 χ

165 2189 351 2254 ituantem
372 2189 566 2252 obiectivum
583 2190 757 2253 nominans
773 2189 874 2252 refert
896 2191 934 2253 od
958 2213 1008 2254 res
1029 2191 1150 2269 factas,
1172 2203 1210 2256 ut

166 2274 214 2338 sit
230 2272 296 2337 tati
306 2274 417 2354 morlo,
437 2273 663 2338 laceratione.
707 2276 868 2360 Haceego
882 2279 937 2337 aut
952 2297 1021 2338 non
1035 2278 1210 2361 perspicio,

168 2365 228 2424 aut
246 2358 281 2420 in
302 2359 539 2446 componendis
557 2360 664 2422 modis
682 2357 792 2421 omnia
816 2359 990 2444 aequaliter
1013 2363 1148 2424 redeunt
1169 2361 1209 2426 ad

167 2443 340 2508 iudicium.
383 2443 447 2506 Sed
466 2443 702 2508 Ramshornias
724 2445 755 2506 in
775 2444 962 2506 Grammat.¹
981 2466 1014 2530 p.
1033 2447 1104 2508 894.
1127 2455 1159 2507 et
1175 2447 1228 2510 in=

169 2519 373 2615 Synom'ym.
383 2529 426 2592 T.
436 2535 464 2592 2.
474 2553 508 2614 p.
521 2531 591 2592 114.
600 2531 762 2592 contraria
779 2527 891 2592 docet:
911 2529 963 2591 ita
971 2527 1086 2592 referri
1101 2530 1139 2592 ad
1150 2551 1210 2594 co-

169 2615 383 2699 gitationem,
402 2615 452 2676 sio
479 2614 517 2676 ad
545 2635 616 2677 rem
641 2624 715 2677 ante
737 2612 849 2677 oculos
872 2614 1024 2699 positam.
1066 2615 1210 2700 Vterque

169 2710 266 2762 suam
282 2699 476 2764 sententiam
495 2699 575 2764 adeo
598 2698 755 2784 exemplis
775 2699 996 2777 demonstrat,
1019 2707 1052 2762 et
1073 2709 1109 2762 ut
1130 2699 1209 2786 ipsis

168 2785 360 2864 visumst,
384 2787 464 2882 aptis
493 2794 588 2870 atque
610 2784 748 2848 idoneis.
791 2783 953 2868 Equidem
978 2805 1046 2846 non
1073 2806 1210 2871 possum

169 2889 244 2933 non
268 2867 308 2932 ad
333 2869 492 2954 originem
514 2869 676 2956 respicere
701 2867 947 2932 vocabulorum.
997 2867 1082 2931 Nam
1105 2889 1209 2954 quum

169 2964 383 3041 compertum
400 2953 594 3026 habeamus,
613 2954 662 3016 aie
677 2961 836 3016 mutatam
854 2973 921 3015 esse
936 2949 1089 3032 ‘formam
1111 2975 1208 3016 voca-

169 3037 243 3104 buli
262 3039 336 3116 lric,
366 3061 434 3102 non
461 3037 598 3102 dubium
622 3037 801 3114 videbitur,
833 3035 882 3099 sic
906 3045 938 3100 et
961 3035 1012 3098 itu
1038 3059 1076 3099 eo
1103 3037 1207 3102 modo
1244 3057 1248 3062 ’

171 3123 323 3202 differre,
346 3142 412 3210 quo
427 3123 482 3186 liic
504 3131 535 3184 et
554 3122 594 3185 ia.
636 3119 719 3184 lllud
743 3121 840 3207 igitur
861 3120 960 3184 habet
981 3120 1047 3183 vim
1070 3121 1210 3190 ‹lemon-

170 3209 357 3290 strativam,
380 3205 564 3294 significans
580 3206 642 3269 hoc
663 3207 782 3284 modo,
805 3206 856 3270 itu
880 3217 986 3268 autem
1011 3227 1054 3268 ex
1077 3207 1210 3272 relativa

171 3311 240 3358 sua'
259 3305 376 3358 natura
403 3293 540 3381 proprie
563 3291 701 3376 requirit
724 3291 974 3376 componendae
1004 3291 1133 3356 alterius
1162 3293 1210 3357 rei

171 3379 435 3466 expositionem,
466 3397 565 3462 quam
589 3385 755 3462 praestant
776 3376 845 3456 ati,
866 3375 1048 3463 quomodo,
1084 3378 1214 3462 aliaque
1311 3377 1318 3400 ‘

169 3463 341 3529 voeabula.
390 3461 513 3534 Deficit
538 3483 618 3548 ergo
644 3462 692 3525 rei
713 3459 852 3524 modum
876 3461 1004 3526 ratione
1027 3461 1077 3524 vel
1105 3463 1211 3526 verbis

172 3569 327 3635 expressa
347 3547 396 3612 vel
412 3569 453 3611 ex
467 3547 615 3612 universa
631 3547 789 3610 sententia
802 3545 961 3628 collecta,
982 3545 1121 3630 ideoque
1143 3548 1211 3611 vim

173 3635 270 3700 etiam
289 3633 415 3698 obtinet
431 3633 481 3696 vel
497 3629 635 3716 augendi
654 3630 702 3694 vel
717 3631 949 3717 restringendi,
987 3629 1038 3694 Ex
1064 3629 1210 3696 hisvero

171 3715 269 3784 facile
279 3717 486 3802 intelligitur,
511 3737 577 3802 quo
593 3725 690 3802 pacto
707 3714 778 3780 fieri
798 3714 954 3802 potuerit,
975 3725 1011 3778 ut
1033 3717 1211 3801 particulae

172 3799 235 3868 hue
250 3803 440 3890 promiscuo
459 3821 520 3866 usu
545 3810 843 3878 commutarentur,
870 3812 902 3866 et
924 3797 976 3865 ito
993 3822 1057 3888 pro
1073 3801 1123 3866 aio
1145 3823 1211 3888 po·

172 3899 317 3954 neretur.

284 4007 386 4058 Poetae
393 4021 446 4056 noa
455 4008 552 4058 curant
565 4001 692 4059 subtilius
707 4003 775 4058 illud
787 3979 942 4059 discrimen.
965 4004 1100 4060 Iluam.
1118 4003 1211 4072 plot.

241 4096 318 4160 utque
334 4089 374 4146 ita
392 4089 530 4156 mentitur,
546 4089 583 4146 aio
602 4089 670 4146 acria
688 4091 762 4160 falsu
779 4091 913 4154 temtaret,
935 4092 1021 4164 primu
1041 4105 1075 4146 aa
1091 4091 1213 4156 mediam,
1231 4121 1234 4130 =

841 4177 920 4238 30*
