2812 4732
379 215 381 223 ’
469 259 616 330 mssa.
896 305 899 314 a
953 240 958 249 ⁴
1006 273 1071 339 aar

99 423 133 500 *)
154 417 301 506 Insuper
316 425 348 482 et
362 434 464 502 snper
478 437 496 480 a
511 413 653 480 librariis
670 413 741 480 fero
766 413 887 506 ubique
909 440 1065 493 commu·

18 515 185 572 tatasunt.
211 504 282 573 ud.
299 500 529 571 Drakenb0ad
543 502 614 569 Liv·
631 507 686 586 21,
701 506 753 581 34,
773 507 825 605 ⁶⁶,
1071 532 1073 535 ·
1122 510 1125 513 ’

323 778 325 782 s
407 703 664 792 INTER.

97 873 208 941 lurra
233 896 276 941 ex
305 873 399 939 inst
424 871 601 937 adverbiali
623 866 747 962 syllaba
774 883 827 940 ter
848 872 974 945 factum
999 874 1084 950 esses

16 983 115 1026 nemo
145 985 216 1026 non
246 961 342 1026 videt.
393 959 480 1023 Haeo
506 980 582 1022 vero
607 962 718 1024 utrum
740 983 807 1046 pro
832 961 900 1027 iter
930 965 1067 1045 dicatur,
1111 1019 1115 1029 i

16 1059 51 1111 ut
68 1047 203 1112 Iahnius
222 1048 258 1111 in
275 1048 360 1111 Nou.
377 1044 494 1109 Annal.
510 1044 534 1108 l.
551 1049 583 1109 8.
604 1067 637 1131 ρ.
657 1049 711 1110 77.
729 1056 838 1132 putat,
861 1073 902 1114 an
925 1051 939 1114 i
956 1054 989 1116 in
1006 1055 1068 1118 ad·
1106 1088 1124 1101 „

17 1135 135 1198 verbiis
159 1133 202 1197 sit
233 1133 367 1232 genitivi
398 1129 540 1203 vocalis,
576 1129 674 1193 veluti
700 1130 904 1216 ,dreni-ter,
941 1139 1083 1205 etiamsi·

18 1221 124 1283 omitti
181 1229 279 1296 ossrt,
312 1229 349 1281 ut
372 1237 412 1279 ex
433 1216 625 1302 propi-ter
647 1215 704 1279 fiat
721 1231 880 1304 propter,
907 1221 940 1286 id
973 1225 1068 1292 facile

41 1315 126 1368 otest
166 1303 331 1381 iiudicari,
354 1323 456 1388 quom
484 1302 606 1365 horum
624 1303 819 1384 nominum,
835 1316 925 1392 'quae
940 1308 955 1372 i
970 1310 1004 1374 in
1032 1335 1068 1377 se

16 1328 156 1468 dabant,
190 1389 322 1454 nullum
346 1389 548 1474 reperiatur,
579 1387 632 1450 oui
655 1410 724 1452 non
754 1391 908 1463 vocalemv
933 1396 1067 1480 genitivi

17 1477 249 1542 adscribamus.
293 1473 494 1561 significatio
513 1471 627 1556 eadem
649 1482 699 1537 est
724 1485 820 1560 atque
846 1477 880 1541 in
903 1490 942 1544 ta
964 1491 998 1546 et
1019 1484 1067 1548 ti.-
1109 1496 1111 1503 ’

12 1557 116 1648 ¹quare
142 1561 247 1626 aliter
271 1561 369 1625 etiam
394 1559 562 1624 dicebatur
587 1557 718 1638 attissa,
756 1570 788 1624 ot
809 1562 861 1626 uti
889 1569 1069 1653 respondet

17 1647 177 1712 vocabulo
203 1647 267 1711 ita.
318 1645 542 1732 Nequevero
580 1642 659 1706 haee
689 1646 877 1711 terminatio
908 1655 1068 1738 exprimit
1141 1713 1144 1718 .
1208 1688 1212 1701 ·
1297 1719 1306 1730 ,

19 1732 287 1812 similitudinem,
308 1752 406 1818 quam
425 1729 632 1816 grammatici
648 1729 779 1808 dicunt,
799 1733 943 1800 sed‘rem
958 1740 994 1803 in
1009 1740 1067 1804 ali.

17 1819 92 1904 quid
110 1819 237 1883 intendi
253 1819 320 1881 sive
342 1818 381 1880 ad
406 1816 529 1902 aliquid
551 1815 639 1902 regi,
661 1815 762 1902 idque
785 1828 817 1881 et
842 1818 952 1886 losum
978 1823 1068 1889 desi-

16 1915 93 1987 gnat
112 1905 146 1970 in
163 1903 458 1988 praepositionibus
476 1913 507 1965 et
524 1903 663 1965 modum
680 1904 715 1966 in
740 1904 912 1997 adverbiis,
955 1910 1068 1990 Quare
1169 1971 1174 1981 ,

14 1989 105 2053 inter
137 1997 188 2052 ost
215 1988 252 2051 in
287 1987 485 2051 adhaerente
508 1988 648 2052 notione
677 1990 897 2071 extensionis,
932 1996 982 2059 vel
1008 2019 1069 2061 ex·

13 2075 203 2162 pensionis,
234 2092 297 2157 qua
328 2072 437 2156 aliquo
463 2083 573 2158 vergat
598 2094 661 2136 res·
705 2073 758 2138 Sio
780 2075 840 2139 aab
863 2079 1067 2147 mutatur'in

15 2157 140 2223 subter.
193 2156 300 2220 Latini
328 2157 427 2244 igitur
457 2156 649 2223 haolorma
680 2160 872 2307 exssrimunt
895 2165 948 2243 id,
976 2168 1068 2253 quod
1120 2241 1122 2244 ,

17 2243 176 2309 Germani
201 2242 348 2308 drinnen
369 2244 448 2320 hin,
469 2243 531 2308 lain
553 2243 677 2306 dieunt.
752 2268 791 2308 oc
815 2249 920 2313 m'odo
942 2249 1068 2318 iactum

17 2340 64 2394 est
83 2327 299 2407 adverbium,
325 2328 365 2393 de
381 2329 471 2416 ouius
489 2350 550 2392 usu
568 2327 641 2392 vide
656 2329 857 2396 Prisciannm
878 2337 927 2400 14.
942 2359 976 2424 p.
993 2343 1068 2403 991.

17 2415 347 2504 Praepositioautem
369 2416 582 2500 coniungitur
600 2435 674 2476 cum
690 2418 871 2482 accusativo
895 2428 995 2506 casu,
1012 2424 1070 2508 qui

18 2523 90 2566 eum
116 2504 177 2566 ista
204 2502 342 2565 notione
366 2501 558 2565 intentionis
582 2501 773 2565 naturaliter
793 2507 956 2591 congruit.
1000 2507 1092 2573 Ta--
1150 2507 1154 2512 ⁸

18 2608 90 2652 men
119 2587 202 2652 nihil
228 2586 446 2673 impediebat,
475 2608 541 2672 quo
565 2585 673 2649 minus
696 2597 822 2653 veteres
848 2592 957 2657 Latini
977 2593 1083 2659 inter

20 2671 170 2738 derebus
188 2695 255 2737 non
272 2673 373 2736 motis
390 2683 422 2736 et
438 2671 478 2736 de
497 2671 605 2758 quiete
625 2686 839 2760 usurparent:
865 2699 941 2742 nam
958 2678 992 2742 in
1009 2680 1069 2745 de·

19 2757 171 2844 signanda
192 2759 261 2824 loci
284 2760 413 2822 ratione
441 2781 554 2823 rerum
585 2757 684 2821 situm
711 2770 741 2822 et
769 2759 931 2845 ambitum
963 2766 1066 2831 oculis

19 2843 82 2908 sive
101 2847 214 2910 animo
261 2843 475 2928 assequimur.
520 2844 678 2908 Germani
691 2855 815 2910 veteres
832 2868 873 2910 ex
889 2861 961 2928 unt,
976 2851 1067 2937 quod

18 2929 98 2994 valet
117 2932 177 2996 lain
188 2979 198 3011 ,
211 2994 212 2997 ,
225 2867 376 2995 tiresum
398 2940 506 2992 unter.
551 2926 651 3006 Quod
670 2951 746 3013 vero
764 2936 968 3014 grammatici
992 2939 1067 3020 qui-

18 3013 89 3079 dam
121 3017 239 3081 nostri
262 3015 442 3101 temporis,
487 3012 523 3076 in
556 3012 675 3097 quibus
711 3015 817 3080 miror
848 3019 945 3082 etiam
976 3023 1067 3089 Max.

19 3098 220 3169 Schmidium
247 3122 317 3165 esse
340 3099 375 3164 in
393 3100 580 3163 Commeat.
605 3096 645 3162 de
668 3100 825 3165 Pronom.
851 3126 885 3190 p.
903 3110 954 3169 79.
963 3153 973 3186 ,
997 3119 1067 3172 sta·
1162 3172 1165 3176 ,
1266 3148 1267 3152 =
1292 3117 1314 3125 “·

16 3183 145 3251 luerunt
160 3189 254 3252 inter
270 3185 368 3250 etiam
387 3206 462 3249 oum
481 3183 622 3248 ablativo
642 3189 864 3272 compositum
882 3212 962 3267 esse,
983 3191 1067 3260 falsa

18 3293 56 3334 ex
77 3273 235 3358 opinione
261 3271 301 3338 de
323 3273 399 3336 loco
423 3270 583 3334 Varronis
605 3269 645 3341 de
668 3272 762 3360 Ling.
784 3273 840 3337 lat.
863 3280 893 3356 6,
909 3282 939 3342 2.
957 3283 1005 3358 (7,
1021 3283 1066 3358 8.)

18 3359 146 3442 prodiit.
191 3359 242 3423 lbi
261 3359 350 3422 enim
371 3359 404 3420 in
429 3355 576 3420 formula
600 3357 732 3442 antiqua
754 3359 889 3446 legitur:
913 3363 1004 3428 inter
1023 3389 1067 3448 en

18 3446 236 3534 conregione,
260 3443 493 3528 conspiciens,
517 3443 743 3520 cortumione,
768 3457 868 3538 ruique
885 3470 927 3511 ea
943 3451 1066 3515 rectis-

19 3528 97 3593 sime
113 3531 216 3596 sensi.
263 3528 421 3596 Interea
446 3525 539 3592 reddi
564 3527 657 3590 debet
685 3531 852 3596 zwisctea
881 3531 1009 3598 diesem
1033 3546 1067 3600 et

20 3611 150 3704 intelligi
169 3615 382 3696 accusativus.
424 3611 500 3680 Vid.
516 3613 650 3678 Mulleri
662 3614 726 3692 Res
744 3616 873 3682 Etruso.
894 3624 925 3698 8,
942 3625 972 3702 6,
987 3627 1019 3687 8.
1035 3682 1038 3686 .

99 3766 129 3837 1.
155 3771 254 3836 Inter
276 3767 376 3854 igitur
391 3766 527 3852 antiquo
551 3790 612 3834 usu
634 3793 697 3857 pro
720 3768 757 3838 in
778 3769 898 3836 dieitur
923 3771 963 3836 de
987 3772 1064 3838 loeo

20 3855 102 3923 etde
124 3858 223 3922 rebus
248 3855 283 3918 in
307 3848 416 3938 aliquo
439 3853 519 3918 'loeo
545 3857 748 3927 versantibus
771 3855 827 3919 aut
853 3859 988 3943 positis:
1011 3859 1065 3922 id-

20 3961 80 4024 que
95 3954 245 4008 auotores
263 3937 395 4024 quidam
411 3939 586 4007 mediaest
610 3953 776 4008 extremae
791 3941 959 4008 latinitatis
985 3944 1064 4008 imi·
1103 3954 1108 3976 “

19 4029 75 4091 tati
99 4039 185 4094 sunt.
228 4024 309 4090 Non
329 4033 469 4090 tantum
492 4025 648 4114 pluralis,
680 4029 738 4096 sed
765 4033 865 4096 etiam
883 4029 1063 4115 singularis

18 4131 172 4181 numerus
187 4110 366 4185 nominum
380 4112 535 4200 sequitur.
687 4199 766 4265 ᾖ*
941 4133 948 4143 ‘
1110 4130 1114 4131 ⁷
