2738 4730
111 325 113 338 1
209 241 276 310 uo
512 259 514 264 ·
629 235 841 306 munima.
929 195 934 204 ’

278 395 372 460 uisset,
389 393 525 461 inprimis
539 392 612 448 ociis
623 411 707 449 sermo
722 395 794 466 isque
803 395 905 450 ‘mullus
919 395 951 450 de
964 400 991 452 le
1000 393 1076 465 fuit:
1096 409 1128 449 ec
1141 405 1195 465 quo
1207 395 1272 450 oeni

277 485 313 538 ad
329 499 379 545 eo,
398 497 464 549 quoe
477 484 530 532 ele.

248 583 253 618 ¹
293 598 325 658 8.
348 592 571 678 Componitur
587 601 671 654 cum'
688 588 805 663 verbis,
830 600 867 654 ut
884 589 1098 676 intelligatur,
1121 588 1272 676 aliquem

209 678 273 755 uisi
290 677 457 766 primum,
480 686 590 740 tamen
615 674 702 738 inter
725 679 854 762 primos
874 677 997 763 aliquid
1021 675 1148 758 facere,
1174 687 1207 740 et
1224 679 1273 742 ita

212 765 427 854 agendolnon
445 783 581 826 cessare.

315 883 425 938 cornel.
438 883 520 935 Paua.
536 879 570 946 6,
583 880 609 935 6.
626 881 774 933 dieitur-
789 888 900 934 matrem
916 879 1065 934 Pausaniae
1080 907 1117 918 -
1131 889 1274 950 postquam

279 973 313 1026 dc
331 971 425 1022 scelere
440 953 498 1035 filii
518 967 668 1035 compererit
692 965 742 1031 (ita
765 972 806 1020 est
829 965 1087 1034 scribendum),·lia
1107 967 1204 1036 primis
1235 968 1272 1018 ad

272 1057 364 1126 fllium
378 1055 551 1106 claudendum
569 1053 683 1120 lapidem
698 1051 735 1102 ad
753 1051 884 1104 introitum
897 1051 971 1103 aedis
985 1051 1111 1104 attulisse.
1144 1051 1188 1104 Dc
1209 1052 1272 1104 loeo

280 1139 336 1194 cto.
352 1139 387 1192 ad
402 1139 480 1190 Fam.
493 1135 536 1202 13,
551 1135 594 1190 61.
613 1135 669 1187 vicl.
686 1151 713 1188 u.
729 1132 757 1188 6.

294 1247 382 1314 4.Ιά
406 1247 444 1310 ia
463 1245 588 1332 primis
610 1245 801 1309 adiunctum
820 1243 918 1307 habet
941 1243 1134 1330 genitivum.
1177 1243 1270 1310 Tum

193 1343 427 1400 ¹transmutata
448 1342 495 1394 est
517 1331 620 1394 ratio:
643 1353 718 1393 nam
740 1329 794 1402 id,
817 1330 918 1415 quod'
933 1330 1128 1416 praedicato¹
1150 1332 1269 1416 expri-

186 1455 189 1464 ν
209 1422 333 1495 mitur,
357 1427 606 1505 praesumptum
623 1415 794 1479 constituit
809 1437 929 1502 genus,
953 1417 989 1478 iu
1006 1437 1073 1502 quo
1091 1417 1196 1502 primi
1213 1417 1268 1483 di-

206 1508 411 1594 stinguntur.
679 1512 682 1518 '

203 1678 206 1692 .
313 1621 502 1687 cisterna,
519 1617 561 1687 65,
577 1617 620 1674 86.
637 1623 762 1691 oppidum
779 1647 815 1662 -
834 1621 903 1690 quad
917 1624 1012 1688 suerat
1033 1621 1067 1678 iu.
1084 1621 1180 1691 primis
1198 1621 1269 1674 Sici-

280 1711 334 1764 liae
354 1709 454 1763 clarum
471 1713 634 1760 domatum.
658 1702 709 1769 36,
726 1704 769 1758 88.
788 1707 938 1784 Μυκαψι
956 1706 986 1756 irs
1005 1707 1097 1774 primis
1119 1708 1269 1760 Siculorum

277 1797 307 1850 iu
322 1795 428 1851 dicendo
447 1793 563 1860 copiosus
576 1798 628 1854 est,
646 1791 861 1844 commemorauit.
895 1789 955 1842 Liv.
972 1789 1016 1856 22,
1034 1790 1059 1856 3,
1073 1791 1100 1844 3.
1121 1795 1196 1862 regio
1211 1800 1269 1846 aar

278 1879 416 1948 inprimis
434 1878 527 1929 ltaliae
544 1876 652 1941 fertilis.
692 1875 799 1929 Goruel.
820 1875 903 1927 Paus.
910 1876 951 1944 ¹1,
970 1875 996 1927 2.
1018 1877 1172 1930 Mardonius
1189 1879 1268 1931 -iu

277 1965 371 2037 primis
385 1961 499 2015 omnium
514 1957 656 2012 Persarum
671 1969 695 2015 et
710 1979 791 2014 mauu
800 1961 881 2031 sortis
897 1969 923 2015 et
938 1961 1040 2014 consilii
1054 1963 1158 2031 plenus.
1193 1962 1268 2017 Pliu.

230 2087 231 2094 η
278 2048 352 2103 nist.
370 2065 397 2099 u.
413 2045 439 2112 ὃ,
454 2044 498 2111 16,
516 2043 559 2097 16.
810 2040 814 2048 ‘
1068 2045 1075 2052 ”

230 2193 233 2200 .
311 2152 370 2205 cte.
387 2151 420 2202 de
436 2149 496 2204 Fin.
512 2151 538 2215 4,
556 2149 599 2216 18,
614 2147 657 2208 au.
674 2151 740 2203 illud
753 2168 812 2203 oero
832 2150 936 2202 minime
953 2150 1149 2216 consectarium,
1171 2152 1217 2204 sed
1237 2147 1281 2204 ia'

175 2240 183 2254 ”
274 2238 370 2310 primis
395 2237 469 2289 heles
494 2235 605 2296 illorum.
653 2233 753 2287 Nescio
778 2252 831 2304 quo
857 2239 936 2302 pacto
962 2235 1134 2288 Goerenuius
1158 2238 1266 2290 illorum

278 2339 341 2376 cum
354 2317 530 2392 gloriatione,
547 2309 767 2389 qaod'sequiturss
792 2321 958 2389 coniungere
973 2320 1103 2389 potuerit.
1180 2321 1183 2330 “

293 2426 325 2507 5.
351 2424 550 2490 Aduerbium
565 2423 736 2508 imprimis
751 2419 911 2509 signifieat
935 2425 1129 2511 praecipue,
1154 2423 1267 2488 maxi·
1366 2449 1367 2456 ¹

208 2536 282 2592 mc,
304 2510 505 2590 admodum,
531 2521 562 2574 et
579 2511 710 2574 additur
729 2509 892 2574 adiectivis
912 2520 944 2572 et
966 2508 1147 2587 adverbiis,
1173 2511 1267 2574 sicuti

211 2597 419 2675 admodum,
440 2595 598 2658 maxime.
641 2597 753 2658 Potest
769 2595 867 2662 etiam
886 2605 970 2680 ,post
995 2617 1094 2660 suum
1119 2597 1267 2661 vocabu-

208 2687 279 2751 lum
299 2681 381 2769 poni
398 2690 429 2742 et
444 2679 586 2744 interiiei
606 2679 692 2744 aliud
711 2703 844 2744 nomeu.
887 2680 1044 2745 Peculiari
1062 2681 1168 2746 modo
1189 2704 1267 2746 cum

209 2768 385 2856 negatione
416 2766 588 2828 coniunxit
613 2766 786 2829 Cornelius
811 2765 943 2852 Nepos,
977 2766 1035 2830 sod
1063 2777 1100 2830 ut
1132 2768 1267 2832 tolleret
1366 2785 1367 2788 ’

208 2853 420 2942 negationem
453 2851 513 2915 alia
546 2849 681 2916 adiecta.
734 2851 950 2916 Grammatici
975 2851 1154 2918 discrimen
1178 2853 1268 2925 iuter
1366 2847 1367 2861 ¹

204 2938 395 3031 praecipue
411 2947 443 3002 et
462 2935 634 3024 imprimis
649 2937 851 3002 intercedens
868 2937 932 3002 hoc
947 2937 1009 3002 sibi
1034 2938 1094 3003 visi
1117 2950 1195 3003 sunt
1211 2942 1267 3005 in·
1365 2999 1366 3016 ,

213 3028 355 3092 venisse:
378 3025 467 3088 leuoc
486 3023 675 3112 praecipue
692 3023 805 3112 diligo
828 3045 914 3098 esse,
938 3034 1014 3088 ante
1041 3046 1156 3088 omnes
1182 3026 1266 3091 alios

210 3111 541 3202 diligoomnibusque
556 3108 729 3198 praefero:
750 3111 838 3175 launo
854 3109 1025 3195 imprimis
1041 3109 1153 3197 diligo
1163 3111 1266 3196 signi·

209 3199 321 3276 ficare,
337 3220 404 3261 non
418 3193 572 3284 praefero
590 3193 725 3284 quidem
740 3195 906 3273 omnibus,
924 3195 983 3258 sed
999 3199 1043 3260 ita
1059 3207 1171 3260 tamen
1186 3197 1267 3262 dili·

211 3307 271 3372 go,
295 3279 332 3346 iat
354 3282 490 3374 diligere
513 3281 606 3346 soleo
632 3281 817 3347 amicorum
842 3303 999 3346 meorum
1023 3283 1266 3368 antesignanos.
1336 3279 1338 3286 ’

209 3370 341 3436 Noiten.
351 3367 428 3431 Lex.
447 3373 593 3464 p.1185.
629 3367 718 3433 Haec
732 3367 873 3447 subtilia,
893 3389 963 3432 non
975 3389 1051 3432 vera
1066 3379 1161 3431 sunt:
1184 3391 1267 3434 nam

206 3453 396 3546 praecipue
412 3462 510 3517 ctiam
531 3451 693 3538 significat
710 3476 800 3540 prae
826 3453 917 3518 aliis.
960 3453 1153 3539 Praecipue
1178 3475 1268 3541 pro·

209 3539 282 3630 prie
299 3549 373 3603 cum
391 3537 497 3604 verbis
516 3541 752 3626 componitur,
772 3560 843 3604 uon
862 3560 939 3604 cum
956 3538 1140 3620 adiectivis,
1158 3549 1195 3605 et
1212 3543 1268 3606 in·
1364 3549 1365 3570 ³

210 3627 295 3692 dicat
310 3623 453 3690 modum
471 3624 598 3713 agendi.
867 3639 870 3647 ·
1053 3663 1055 3670 ›
1223 3661 1233 3668 -

262 3735 273 3748 ’
323 3741 664 3811 cte.t00ff.a,14‚5u
691 3744 736 3813 qui
757 3744 822 3798 iuris
838 3744 919 3796 civilis
940 3743 1070 3812 imprimis
1082 3744 1184 3814 peritus
1195 3745 1268 3811 fuit.

279 3829 351 3898 Tap.
368 3829 394 3895 9,
409 3829 452 3884 4⁰.
470 3833 538 3900 quod
550 3847 632 3901 geum
645 3829 799 3900 argumenti
813 3829 940 3898 imprimis
951 3831 1064 3894 firmum
1084 3828 1168 3882 uideri
1190 3832 1267 3886 solet.

278 3915 387 3969 (lsrael.
401 3916 458 3968 Ast.
476 3913 528 3979 la,
542 3911 568 3966 6.
593 3931 672 3983 quum
689 3915 818 3982 imprimis
840 3915 926 3968 lautus
949 3921 1015 3970 esset
1037 3930 1113 3982 eques
1130 3931 1267 3969 romanus.

276 4001 393 4056 Sallust,
406 4000 466 4052 Get.
480 3997 507 4065 4,
522 3997 549 4052 4.
566 4016 631 4052 uam
645 4000 675 4052 id
684 4001 793 4068 sasinus
806 3999 936 4070 imprimis
957 4017 1009 4072 ego
1024 3987 1194 4055 memoriabile
1209 4001 1269 4056 esi·

228 4123 232 4130 -
261 4085 475 4146 ,stumosoeleris
491 4091 568 4156 atquc
577 4084 688 4156 periculi
695 4085 827 4151 ¹ascoltate.
1041 4087 1043 4092 '
