2680 4746
242 307 303 370 628
686 305 829 372 MODO.

217 487 219 496 ·
245 455 374 532 Accedit
389 477 486 532 uero,
509 456 597 542 qu'od
616 479 758 538 nornen,
782 459 834 522 cui
850 456 1102 528 adiicienda'e's't
1123 439 1294 552 pulticula,

246 542 410 605 omittitur
424 551 455 605 et
470 542 570 605 modo
590 544 691 606 vicem
707 543 821 634 omissi
839 541 968 629 explet,
991 547 1089 614 sicuti
1108 552 1216 616 neoda
1234 575 1293 640 pro

246 625 449 690 urenemodo
465 635 497 690 at
510 649 575 716 pro
591 627 736 692 simodo
754 629 899 716 ponitur,

330 777 505 851 multiplex
527 779 576 830 est
592 778 773 844 usus,'uua
789 770 901 830 tamen
923 769 1104 854 particulae
1127 775 1293 862 signinae.

203 895 209 901 .
248 852 317 925 tio,
339 871 437 934 quarn
453 849 641 936 primariam
659 873 851 937 comparare
870 873 1049 938 possumus
1068 879 1147 921 cum
1165 884 1293 948 germa-

249 935 325 997 nico
346 932 660 1023 gewassermussen:
682 935 715 998 iu
739 935 868 1020 reliquo
895 957 956 999 usu
981 950 1034 1002 aut
1061 964 1124 1026 per
1147 968 1222 1010 nur
1245 959 1293 1011 aut
1336 957 1337 962 ’

249 1039 310 1104 per
336 1017 417 1081 eben
440 1019 617 1082 reddimus.
659 1019 728 1082 Nos
755 1039 834 1084 vcro
860 1019 895 1084 in
918 1022 1110 1088 ordinandis
1135 1033 1292 1118 exemplis
1336 1039 1337 1114 g

251 1102 318 1165 duo
334 1123 452 1186 genera
466 1105 712 1182 constituamus,
733 1121 876 1190 quorum
894 1105 1033 1171 alterum
1048 1121 1187 1198 tempus
1204 1137 1292 1180 conr·
1336 1151 1337 1202 p

251 1187 421 1274 plectitur,
441 1187 579 1251 alterum
595 1187 670 1250 alias
686 1209 737 1252 res
752 1187 959 1256 definiendas.
1004 1193 1161 1282 Ceterum
1180 1199 1219 1264 iu
1233 1201 1292 1264 hoc

251 1270 404 1336 adverbio
432 1269 551 1336 iudicia
582 1272 791 1350 substantivi,
823 1274 873 1336 cui
905 1276 1068 1422 uulpinum
1104 1281 1226 1362 debet,
1254 1287 1292 1346 ita

250 1366 469 1428 evanuerunt,
496 1368 531 1419 ut
551 1355 666 1420 Cicero
692 1357 797 1421 dicere
823 1369 936 1446 posset
983 1361 1097 1425 eDiv.
1121 1373 1155 1444 2,
1172 1368 1292 1449 44‚9s.
1336 1367 1337 1458 l

250 1441 376 1504 coelum
393 1439 494 1505 modo
506 1443 569 1506 lrac
578 1487 588 1519 ,
614 1440 714 1506 modo
733 1441 793 1506 illo
809 1441 910 1524 modo
926 1453 1150 1530 temperatur.

1336 1553 1337 1578 l

333 1591 359 1658 l.
396 1597 426 1656 1.
447 1587 586 1670 Modus,
607 1613 672 1690 quo
691 1587 1102 1683 haec'particulaallquam
1119 1599 1292 1666 notionem

251 1678 368 1741 restria
395 1669 436 1756 it,
454 1677 598 1763 primum
615 1699 650 1739 rn
666 1697 705 1740 eo
726 1681 888 1756 cernitur,
912 1678 1002 1765 quod
1024 1705 1076 1746 res
1093 1683 1136 1746 ab
1152 1685 1224 1750 aliis
1240 1711 1290 1751 re·

254 1761 314 1825 bus
334 1701 392 1825 vei
404 1759 586 1837 maioribus
596 1761 644 1824 vel
664 1757 796 1826 diversis
818 1764 1043 1852 distinguitur,
1066 1779 1098 1830 et
1114 1771 1189 1857 ipsa
1205 1772 1238 1834 iu
1260 1797 1292 1836 se

252 1857 428 1932 spectatur.
470 1845 542 1908 Hoc
564 1845 701 1908 dicimus
718 1843 800 1910 nihil
816 1847 903 1912 aliud
919 1869 1009 1924 esse,
1030 1851 1144 1917 uiolata
1165 1856 1290 1928 weiter.

251 1931 360 1994 nichea
388 1925 549 2001 (anderes,
590 1927 688 2014 idque
717 1931 813 1994 ctiam
852 1936 1050 2022 exprimitur
1083 1939 1187 2004 verbo
1218 1965 1291 2005 mir.

166 2047 174 2093 χ
251 2015 464 2078 Grammatici
487 2013 598 2076 omnia
623 2035 688 2078 uuo
714 2017 850 2081 nomine
877 2020 1200 2106 comprehendentes
1231 2029 1291 2089 do·
1336 2055 1337 2058 ¹

252 2109 343 2174 cent,
371 2097 471 2160 modo
494 2111 563 2159 esse
588 2100 842 2176 tantummodo,
874 2113 908 2166 'et
929 2113 1053 2170 temere
1075 2109 1219 2174 miscent
1243 2111 1291 2176 di·
1336 2101 1337 2170 Ῠ

251 2203 353 2248 versa.
385 2179 435 2245 ud.
450 2178 616 2246 Drakenb.
630 2185 668 2246 ad
686 2185 754 2248 Liv.
772 2189 802 2264 3,
819 2188 872 2262 58,
888 2192 919 2252 6.

350 2299 411 2353 Idu.
426 2299 452 2364 1,
467 2299 493 2364 2,
508 2299 533 2353 3.
552 2319 613 2354 uam
625 2303 685 2354 ciret
700 2305 775 2356 modo
788 2301 960 2374 spectaculum
969 2312 1072 2375 fuerat.
1095 2309 1156 2364 cte.
1170 2315 1206 2367 ad
1220 2315 1292 2370 llam.
1336 2319 1337 2326 ’

327 2383 354 2449 6,
370 2384 405 2436 13
420 2383 495 2452 (12),
510 2384 553 2436 11.
578 2387 622 2438 sed
641 2392 678 2440 est
700 2404 781 2438 uuum
802 2389 956 2459 perfugium
982 2393 1101 2468 doctriua
1124 2415 1156 2448 ae
1180 2399 1289 2468 litterae,
1336 2415 1337 2456 l

278 2452 282 2461 ,
319 2471 408 2537 quibua
430 2482 528 2538 semper
544 2467 584 2520 ast
606 2485 708 2522 sumus:
728 2488 792 2538 quoe
805 2465 923 2524 secundis
941 2476 1017 2527 retus
1031 2477 1225 2536 delectationem
1241 2503 1290 2537 mo-
1336 2489 1337 2550 l

319 2553 352 2604 do
368 2553 463 2604 hahere
474 2551 634 2626 uidebantur,
652 2567 721 2605 aune
734 2571 791 2606 uero
805 2555 884 2606 ettam
899 2556 1016 2610 salutem.
1048 2559 1128 2618 curt.
1146 2563 1173 2632 4,
1190 2568 1233 2633 le,
1249 2569 1289 2620 14„
1336 2563 1337 2610 ἶ

317 2651 363 2684 uec
383 2635 467 2702 ipsum
487 2638 575 2687 ducem
598 2637 725 2688 saniorem
745 2653 814 2688 esser
830 2639 925 2708 quippe
948 2641 1002 2693 'stru
1020 2647 1145 2709 serarum
1164 2655 1288 2720 praedam
1336 2675 1337 2678 ¹

316 2717 407 2779 modo,
427 2734 504 2784 quam
518 2725 657 2786 expeteret,
676 2719 832 2786 intuentem,
851 2723 880 2774 r'a
894 2725 1043 2792 perniciem,
1061 2747 1129 2798 puae
1144 2743 1205 2789 auce
1217 2755 1287 2806 proe-
1336 2779 1337 2804 ,

318 2799 379 2850 dum
392 2800 479 2868 posita
494 2807 570 2866 eaaet,
587 2800 725 2856 incurrere.
760 2803 820 2858 [dv.
834 2807 861 2871 6,
876 2802 920 2872 40,
930 2805 958 2862 ’6.
977 2813 1021 2877 qul
1036 2815 1114 2868 modo
1135 2835 1175 2871 me
1196 2821 1287 2872 duatus

316 2882 437 2950 ingenuis
450 2889 534 2935 ortum
549 2893 572 2936 ct
586 2887 668 2940 uivere
685 2887 713 2940 in
731 2890 815 2944 liber'a
831 2891 935 2948 civitate
947 2896 1038 2948 sciam
1054 2897 1074 2950 l.
1089 2917 1114 2952 o.
1134 2903 1222 2956 ateleto
1233 2906 1287 2957 uet-

229 2981 238 2994 ·
316 2973 359 3017 ter
374 2967 413 3016 als
429 2984 479 3018 aaa
487 2969 573 3032 sacten
586 2969 691 3023 Aettern
705 2973 824 3042 gehoten·
1336 2987 1337 2990 ’

351 3065 411 3119 Lira
421 3065 446 3131 u,
460 3065 487 3134 8,
504 3067 546 3121 13.
565 3086 642 3139 quum
658 3086 760 3138 omnes,
779 3073 899 3129 laudibus
918 3079 993 3132 modo
1004 3093 1185 3152 prosequenter
1196 3087 1285 3151 atrum,

316 3153 513 3204 insectantium
528 3153 581 3206 eius
593 3156 698 3223 pedibus
712 3159 795 3232 irent,
815 3167 916 3214 tentata
928 3165 1076 3235 paullisper
1087 3169 1236 3224 intercessio
1253 3179 1286 3224 ot

314 3235 347 3287 ab
361 3235 392 3286 L.
402 3231 474 3286 hicio
488 3244 513 3290 et
528 3237 559 3302 Q.
573 3237 678 3291 Maelio.
695 3240 723 3291 lr.
738 3257 762 3292 e.
777 3241 847 3296 nihil
855 3241 931 3298 eliud
945 3255 1070 3318 ugentes,
1086 3269 1169 3319 quem
1183 3258 1217 3306 nt
1231 3255 1284 3306 lea-
1336 3311 1337 3326 ἢ

315 3318 395 3370 diuus
416 3317 507 3370 virum
530 3327 765 3388 prosequerentur.
806 3323 849 3392 82,
865 3328 909 3393 21,
926 3328 951 3384 Β.
976 3334 1128 3400 miramini,
1151 3354 1199 3389 carr
1214 3339 1284 3404 disfi-

288 3445 299 3462 „
313 3401 401 3452 denter
416 3403 566 3456 Cleomedon
583 3402 688 3472 legatus
706 3404 836 3477 Philippi,
860 3419 891 3463 ut
904 3429 953 3481 pro
971 3429 1035 3484 rege
1049 3435 1127 3470 arma
1140 3437 1285 3491 cuperemus
1336 3439 1337 3486 l

221 3537 224 3541 ,
309 3483 433 3536 adderam
448 3486 594 3552 Romanos,
612 3490 687 3540 modo
701 3491 793 3560 egerit.
810 3489 829 3544 ἰ.
844 3510 869 3548 e.
887 3493 959 3550 nihil
984 3497 1060 3554 eliud
1074 3502 1181 3570 egerit,
1207 3521 1282 3574 quare

310 3572 343 3618 ut
356 3573 408 3621 etc.
441 3567 511 3621 Nam
525 3569 560 3624 ud
576 3577 682 3640 tempus
699 3575 816 3628 relatum
829 3573 939 3634 inanem
953 3585 1068 3650 praehet
1084 3604 1207 3642 sensum.

324 3703 353 3766 2.
374 3701 457 3766 Item
476 3700 617 3786 dicitur,
639 3705 695 3773 ubi
717 3707 838 3796 aliquid
862 3707 981 3800 per'se
1006 3717 1091 3784 calet
1106 3731 1169 3786 ‘aut
1192 3722 1229 3788 in
1250 3745 1281 3787 se

241 3785 481 3852 consideratur:
502 3790 595 3874 quod
616 3793 773 3860 Germani
798 3797 911 3863 dicuat
925 3797 992 3888 fiir
1014 3804 1106 3889 sich,
1129 3829 1179 3871 aa
1201 3808 1280 3882 siah,
1336 3835 1337 3844 ¹

240 3889 288 3949 aa
300 3870 373 3960 sicle
387 3869 582 3940 detractus.
661 3894 665 3900 ’
1323 3853 1337 3964 d

226 4037 233 4058 ς
340 3987 452 4047 Sauum
466 3992 525 4062 lug.
540 3969 620 4057 tat.
638 3981 880 4054 uetude'ult'i'at'ta
895 4001 945 4054 luci
957 4013 1076 4072 ventum,
1094 4025 1144 4074 qua
1158 4007 1282 4061 Numida

274 4083 276 4087 ’
299 4083 482 4145 praeceperat,
502 4083 577 4130 unta
592 4086 696 4146 repente
710 4077 778 4134 coelo
799 4085 879 4168 mirae
899 4087 937 4140 ate
959 4103 1043 4157 aquae
1066 4089 1176 4154 diuitum
1208 4103 1237 4148 ut
1251 4111 1281 4146 ea
1336 4089 1337 4130 l
