2730 4720
986 181 992 215 l

517 277 673 376 ΛΑΜ..
1038 298 1100 366 aar

139 401 349 508 Vnstumttlt.
379 437 1100 524 insumeretur-:matttaastastaauqm

132 536 368 592 &amarer
385 535 565 602 adamam
599 531 714 601 Quintil.
727 532 754 601 b,
770 532 814 600 11,
828 531 871 588 89.
898 538 916 576 Ἀ
947 600 951 604 .

148 675 202 746 26.
222 667 317 736 Multi
333 669 515 748 docuerunt
531 647 853 748 ianatrarisitioueur¹
866 667 1022 736 orationis
1044 667 1098 738 cf-

73 751 163 821 lioere
179 765 209 820 et
226 751 458 820 connectendie
472 749 617 840 partibus
633 751 700 816 eius
714 751 920 836 succurrere,
941 763 974 820 et
997 774 1099 839 quum

73 839 222 905 vidissent
252 841 350 920 etiam
378 857 460 900 nam
489 835 551 901 hac
581 836 611 902 vi
640 857 709 902 esse
736 839 937 926 praeditum,
962 837 1101 926 ideoque

71 947 162 1014 saepe
181 924 260 990 haec
281 909 438 988 vocabula
465 943 484 986 a
506 921 647 986 librariis
673 926 889 1006 commutari,
907 943 1027 1022 parum
1045 935 1100 987 aut
1216 940 1222 944 ·

71 1009 149 1074 nihil
165 1011 322 1075 interesse
336 1001 503 1088 dixerunt,
524 1017 635 1071 utrum
652 1018 838 1092 poneretur.
878 1009 953 1074 Vrd.
969 1007 1099 1072 Ernest.

71 1095 108 1158 ad
124 1095 190 1160 Cio.
205 1094 246 1157 de
268 1091 340 1157 Nat.
358 1090 388 1154 d.
406 1095 503 1171 1,12,
525 1097 578 1157 30.
594 1091 718 1156 Duker.
743 1093 783 1156 ad
801 1092 891 1158 Flori
914 1091 1052 1158 Praefat.
1067 1099 1100 1158 2.

69 1176 316 1246 Drakenborch.
334 1175 456 1241 nativ.
471 1177 505 1256 5,
517 1179 569 1258 51,
587 1181 617 1241 6.
640 1176 848 1242 Heindorfius
863 1188 972 1242 autem
989 1178 1024 1242 in
1040 1199 1102 1241 no-

67 1265 107 1326 tis
130 1263 173 1328 ad
196 1263 262 1328 cte.
282 1261 393 1325 locurn
417 1261 547 1350 scriptis
577 1261 622 1326 ita
654 1272 779 1327 censet:
810 1281 899 1327 ,nam
922 1262 1023 1352 poni,
1045 1261 1103 1327 ubi

67 1347 169 1428 illud,
199 1347 238 1411 ad
261 1345 349 1433 quod
372 1367 481 1410 sermo
511 1347 644 1420 transit,
675 1346 784 1412 obiter
806 1349 910 1433 magis
932 1357 965 1411 et
986 1343 1103 1412 defun-

69 1433 171 1497 ctorie
185 1431 353 1498 afferatur:
368 1433 491 1496 'contra
505 1432 579 1496 iam
594 1431 752 1496 lectorem
775 1433 914 1496 excitare
937 1442 970 1496 et
992 1441 1101 1498 alten-

67 1525 136 1580 tuna
156 1515 264 1583 faeere
286 1515 397 1597 adid,
443 1515 508 1580 uod
529 1514 707 1580 subiicitur.
749 1515 789 1582 Ei
812 1519 986 1585 assentitur
1006 1515 1104 1582 Beie-

69 1623 131 1666 rua.
173 1602 275 1666 Aliter
287 1611 396 1666 autem
411 1538 581 1666 lillendtus
607 1599 648 1664 ad
666 1595 732 1669 Cio.
750 1599 844 1666 Brut.
861 1605 913 1682 ta,
929 1606 1001 1668 159.
1022 1602 1102 1668 baec

67 1687 238 1776 praecipit:
270 1687 343 1751 iam
367 1687 536 1773 usurpari,
560 1685 606 1762 si,
632 1685 723 1772 quod
745 1690 891 1772 sequitur
907 1687 978 1773 pari
998 1684 1102 1753 lerme

68 1772 190 1847 ordIne,
212 1783 249 1836 ut
266 1772 349 1835 iusta
362 1772 403 1834 sit
419 1770 633 1851 enumeratio,
653 1791 731 1836 eum
747 1771 1008 1836 antecedentibus
1019 1794 1103 1838 con·

66 1854 236 1944 iungatur:
259 1879 342 1920 raam
363 1865 490 1934 autem,
515 1857 543 1920 si
567 1857 725 1920 sententia
752 1855 786 1920 in
808 1868 998 1922 transcursu
1022 1879 1102 1944 per-

57 1939 229 2006 luuctorie
252 1940 344 2038 quasi
370 1941 555 2023 παρενθέτως
579 1941 799 2006 interseratur.
845 1941 938 2021 Quae
958 1962 1026 2006 non
1048 1964 1103 2008 sa-

66 2025 215 2090 tisfacere
230 2024 313 2090 nubi
327 2023 490 2088 ridentur.
531 2021 624 2089 Nam
638 2026 727 2090 enim
750 2035 821 2089 tum
843 2025 978 2108 dicitur,
1000 2047 1103 2114 quum

66 2113 172 2174 oratio
186 2109 226 2174 ad
246 2109 367 2194 aliquid
394 2109 529 2188 transit,
543 2109 640 2195 'quod
661 2111 883 2208 praesumitur
905 2111 945 2176 ab
966 2133 1024 2192 eo,
1047 2113 1104 2198 qui

65 2194 164 2280 legit,
191 2193 358 2280 cognitum
377 2215 444 2258 esse
462 2191 513 2258 vel
537 2193 687 2276 conceda,
708 2194 847 2280 ideoque
874 2218 970 2343 saepe
983 2197 1104 2262 locum

66 2280 194 2344 obtinet
207 2279 243 2342 in
262 2279 427 2342 sententiis
444 2277 590 2356 adiectis,
613 2300 696 2364 quae
712 2301 784 2343 rem
802 2280 905 2364 magis
944 2280 1103 2359 celarunt:

68 2365 137 2430 iam
150 2375 263 2428 autem
273 2364 307 2428 in
316 2363 382 2427 hoc
390 2384 449 2428 usu
459 2363 747 2444 demonstrativam
755 2363 821 2426 vim
832 2385 924 2428 suam
931 2386 999 2428 non
1009 2367 1107 2446 exuit,

67 2451 119 2514 sed
135 2457 301 2516 monstrat
316 2469 440 2512 norum
457 2459 489 2514 et
515 2447 678 2512 diversum
702 2467 792 2512 novo
817 2449 908 2533 quasi
932 2470 1106 2536 progressu

68 2535 306 2624 occupandum.
347 2533 396 2597 Ita
410 2531 447 2597 fit
469 2533 505 2598 in
530 2533 626 2596 initio
647 2553 752 2598 novae
800 2533 879 2596 artis
898 2535 1105 2600 narrationis.

67 2619 150 2686 Haec
166 2620 282 2686 eadem
299 2618 468 2702 obserrata
489 2639 561 2683 esse
588 2617 682 2683 video
705 2617 747 2680 ab
769 2555 1027 2706 budencorpio,
1048 2620 1105 2706 qui

69 2705 106 2768 ad
123 2707 243 2770 Lucan.
263 2710 301 2784 2,
317 2705 389 2770 214.
416 2713 528 2792 poetas
552 2702 598 2768 ait
619 2703 727 2768 solere
749 2724 873 2769 nevum
896 2725 1028 2768 sensum
1049 2705 1104 2770 in·
1158 2693 1164 2720 '

68 2789 184 2856 cboare
207 2811 267 2878 per
284 2790 373 2870 iam,
392 2789 585 2876 praesertim
608 2785 745 2876 quando
763 2811 817 2870 ea,
842 2810 924 2876 quae
939 2791 1104 2858 narraturi

70 2876 148 2959 sint,
178 2878 304 2942 interea
326 2875 520 2940 acciderint:
560 2873 593 2937 id
632 2871 715 2938 ¹uod
751 2885 901 2938 naturam
931 2875 1105 2961 particulae
1138 2904 1140 2912 ,

72 2979 135 3026 non
147 2959 266 3042 tangit.
306 2959 480 3022 Contraria
507 2957 619 3022 docuit
637 3032 639 3037 ¹
670 2958 807 3022 rnestius
831 2958 871 3020 ad
893 2959 1027 3023 Sueten.
1046 2957 1105 3024 lut

72 3045 119 3110 11.
136 3045 308 3132 inquiens:
330 3043 428 3106 servit
442 3052 474 3106 et
490 3041 562 3119 ium
582 3043 786 3114 transitioui,
808 3041 957 3108 cedmon
980 3042 1021 3106 ad
1042 3064 1106 3108 no-

70 3147 143 3197 tum
157 3143 266 3218 genus
280 3128 344 3192 rei:
368 3146 468 3212 quam
486 3145 578 3204 vere,
599 3125 671 3210 ipsa
685 3145 737 3188 res
751 3133 923 3188 monstrat.
984 3188 987 3194 .

165 3249 226 3304 cle.
243 3247 276 3300 aa
291 3245 353 3302 Nat.
372 3245 398 3297 tl.
414 3243 440 3308 l,
460 3241 560 3308 1229.
578 3243 641 3312 quid
656 3260 710 3308 cer,
730 3261 779 3312 pua
795 3243 922 3314 Diogenes
930 3243 1106 3313 Apolloniates

131 3335 221 3389 diter
238 3333 300 3396 deo,
317 3345 392 3400 qma:
406 3344 507 3382 seam
527 3329 619 3382 babae
638 3335 720 3398 patere
742 3335 787 3381 ctat
813 3345 890 3397 quum
904 3331 1021 3394 sumam
1041 3329 1106 3382 dei?

76 3433 79 3438 ·
132 3419 191 3472 lam
211 3417 246 3472 ale
263 3414 378 3468 Plutum
391 3413 563 3477 tremutantia
577 3415 684 3482 longum
701 3420 737 3465 est
750 3413 840 3466 dicere.
874 3411 922 3465 ubi
939 3412 1105 3466 Goereaainr

132 3497 320 3570 necessarium
335 3501 486 3564 acceparat
502 3513 574 3572 anan.
608 3494 687 3548 Brut.
702 3493 745 3560 43,
761 3492 821 3548 158.
837 3505 948 3565 paratas
965 3498 1047 3566 igitur
1063 3514 1107 3551 oe-
1144 3513 1147 3526 ¹

128 3589 221 3642 aicbat
239 3584 364 3646 firm,
394 3581 603 3648 mactmus,
628 3581 798 3644 audiebatur,
819 3597 836 3630 a
853 3581 982 3650 principia
1006 3581 1105 3648 emin,

134 3671 206 3740 quad
220 3675 283 3722 erat
298 3663 371 3733 apua
384 3677 444 3714 eam
456 3677 557 3732 seraper
576 3671 735 3749 reparatam,
753 3666 940 3733 aaronem
952 3665 1049 3735 agata
1067 3667 1105 3720 oi-

127 3756 261 3810 rtebatur:
283 3765 335 3802 aaa
355 3747 438 3800 autu
458 3745 563 3800 Matio
588 3747 713 3816 corporis,
731 3763 794 3816 ¹arou
815 3749 950 3804 actiacae
972 3750 1046 3813 uada.
1071 3777 1105 3788 -

108 3865 110 3870 ,
129 3839 253 3908 paratque
268 3831 373 3901 dfffieile
388 3835 446 3895 ert,
461 3829 529 3883 idem
542 3835 565 3882 et
576 3811 730 3899 parabata:
744 3837 768 3884 et
780 3832 916 3898 perbrevis.
947 3833 1010 3886 Iam.
1020 3835 1049 3885 ia
1065 3834 1107 3888 al·

132 3914 363 3975 meandoiaoeait
372 3931 464 3984 parem
478 3914 619 3966 neminem:
634 3922 747 3970 matur
761 3921 800 3966 ert
816 3912 844 3965 ia
861 3915 931 3968 anmi
938 3922 999 3986 sere
1012 3935 1107 3988 genere

133 4019 294 4058 waramum.
329 3998 454 4052 Tibullus
464 3997 494 4064 4,
510 3997 535 4054 1.
551 3999 665 4053 virtuter
677 3997 810 4056 maanus
823 3999 979 4065 celebrans,
997 4015 1106 4062 enarra,

130 4089 170 4149 tia
184 4087 313 4146 laudibus
328 4083 485 4158 pnrtleatiaa
502 4089 530 4140 st
542 4081 695 4163 treantina,
710 4082 802 4152 pergit
812 4083 847 4136 aa
861 4089 934 4154 artae
949 4081 1017 4164 balli
1033 4080 1108 4138 abz-

232 4164 236 4170 ’
731 4170 771 4230 10
792 4167 811 4208 ⁴¹
