2712 4738
229 303 273 366 aa
337 351 340 364 .
423 337 429 346 .
688 289 795 356 usu.
859 371 870 378 q
970 235 975 242 ¹

316 449 348 512 2.
372 443 510 512 Videtur
526 441 658 530 quidem
673 443 749 508 bem
764 442 860 508 etiam
873 463 937 531 pro
950 445 1032 510 teas
1044 443 1126 534 poni
1145 444 1180 510 in
1206 441 1267 508 ad·
1347 451 1348 502 t

236 529 404 610 venando,
424 539 462 592 ut
485 529 656 595 reddatur:
680 529 721 592 be
746 525 934 594 sive'beda.
977 528 1270 610 Quemadmodum
1347 537 1348 596 l

237 616 372 684 Terent.
390 614 490 680 Andr.
505 615 582 695 aa,
600 617 650 679 19.
672 614 767 694 bem,
787 613 935 694 Dromo,
955 613 1099 680 Dromo.
1139 615 1199 680 llic
1213 624 1271 678 ta·-
1347 617 1348 654 l

239 721 318 772 men
332 701 423 766 locus
441 699 478 768 ad
497 721 552 768 eos
566 698 683 770 referri
699 697 813 782 debet,
836 699 1000 790 inquibus
1026 700 1141 788 aliquis
1165 700 1214 766 ira
1237 707 1274 764 et

162 863 167 874 ¹
237 785 411 854 stomacho
430 784 621 856 exardescit.

194 981 197 996 Ι
321 911 357 972 9.
377 903 526 972 Notanda
542 914 588 970 est
604 901 807 968 consuetudo
830 902 1044 982 comicorum,
1064 923 1128 990 qua
1144 903 1222 967 bem
1236 903 1274 966 in

239 998 391 1056 extremo
407 1011 503 1058 versu
522 1009 645 1076 ponere
664 986 829 1060 solebant,
851 989 948 1052 etiam
965 989 1003 1050 ab
1028 987 1119 1052 initio
1143 987 1276 1052 oratio-

239 1076 302 1144 nis.
344 1077 426 1140 Eam
440 1074 619 1138 observavit
634 1081 665 1134 et
692 1070 920 1134 emendatione
941 1071 1110 1156 aliquoties
1132 1071 1277 1145 restituit

240 1157 418 1229 Bentleius.
459 1159 541 1226 Vide
563 1164 659 1224 notas
683 1154 724 1220 ad
744 1153 879 1221 Terent.
893 1153 997 1222 Andr.
1019 1159 1167 1242 s,4,12·.
1195 1158 1229 1239 5,
1244 1161 1281 1238 2,

242 1247 295 1315 19.
325 1245 404 1322 5,4,
419 1245 472 1306 25.
1211 1251 1213 1256 ’

323 1362 356 1424 4.
379 1356 600 1442 Componitur
618 1353 695 1417 bem
710 1362 743 1416 et
766 1374 841 1418 cum
865 1360 1046 1436 accusativo
1062 1365 1095 1420 et
1118 1376 1194 1420 curn
1216 1356 1284 1420 da-

241 1444 309 1508 tivo
335 1445 527 1521 nominum,
550 1437 608 1502 ubi
629 1437 751 1524 aliquid
768 1439 951 1504 ostenditur
973 1451 1005 1506 et
1035 1439 1127 1504 alicui
1152 1441 1286 1527 aliquid

243 1527 398 1592 ollertur:
429 1523 519 1612 quod
542 1521 581 1587 fit
603 1521 744 1608 clliptica
773 1524 915 1602 ratione,
935 1545 1009 1590 ‘non
1030 1525 1063 1589 vi
1089 1525 1288 1612 particulae,

243 1611 484 1698 quaererhum
506 1631 577 1679 non
605 1607 746 1696 attingit.
791 1605 831 1676 In
848 1609 980 1696 reliquis
997 1611 1085 1680 euim
1106 1610 1287 1700 loquutio-

240 1697 341 1765 nibus
352 1699 412 1791 pei·
431 1719 466 1762 se
481 1705 619 1786 aevastat.
877 1689 882 1716 '

345 1819 435 1886 „cnm
455 1811 729 1868 nominativo'etiam
743 1811 820 1882 iungi
835 1811 895 1866 vult
914 1808 1111 1881 Bospauterina
1125 1827 1151 1877 q.
1167 1807 1230 1886 228.
1248 1815 1287 1866 nt

312 1903 371 1958 laem
391 1905 496 1956 Danaas
522 1904 551 1951 et
576 1897 712 1950 neminem
733 1915 766 1949 ox
782 1895 909 1966 ‘probetis
928 1896 973 1958 riu¹
989 1897 1143 1964 loquentem
1160 1892 1285 1950 invenio.

312 1985 395 2042 Addit
417 1983 529 2036 Vrsinus
551 2000 578 2050 p.
594 1979 654 2034 499.
676 1988 704 2034 et
725 1997 786 2038 aum
805 1981 914 2034 datiae:
946 1986 977 2034 nt
1002 1981 1113 2034 Terent.
1135 1979 1238 2032 Henna
1253 1977 1286 2041 2,

312 2066 379 2133 25.
404 2068 453 2120 Ad.
472 2065 671 2131 2,1‚19.um
690 2067 781 2120 misera
795 2063 881 2132 ‘acribia
903 2067 931 2117 et
952 2065 1009 2130 bei,
1029 2080 1084 2120 nan
1097 2063 1154 2114 besa
1166 2060 1281 2128 optimis

313 2151 464 2220 quibusque
486 2149 624 2202 codicibus
642 2150 753 2220 legitur.
787 2149 820 2202 ln
839 2149 893 2200 hoc
913 2151 1005 2200 nutem
1029 2147 1149 2200 eiusdem
1167 2145 1284 2201 Phorm.

312 2233 342 2300 b,
355 2232 382 2299 6,
399 2234 424 2286 1.
444 2236 500 2287 bem
514 2235 579 2288 ttttt
597 2237 714 2288 tibtnou
731 2235 851 2298 autem,
869 2230 917 2284 aad
939 2232 1058 2284 uuerbe
1076 2229 1225 2282 intellecto
1238 2229 1282 2280 di-

313 2337 358 2387 σο,
378 2321 480 2390 accipe,
498 2321 545 2376 rel
556 2307 639 2376 simili
656 2319 787 2387 usmete
820 2331 1000 2372 aversurus.
1018 2316 1097 2372 Tem.
1110 2314 1135 2372 2.
1154 2332 1182 2382 q.
1196 2311 1259 2366 316.

330 2455 363 2521 5.
386 2457 471 2521 Vsus
493 2455 592 2522 huius
604 2447 781 2544 particulae
803 2429 892 2518 baud
914 2449 1007 2517 facile
1027 2449 1154 2515 excedit
1176 2449 1284 2512 eollo·

176 2580 180 2600 ·
249 2536 326 2624 quia
341 2553 372 2606 et
388 2540 565 2607 familiares
577 2564 752 2605 sermones.
797 2539 905 2618 Quare
922 2557 1083 2624 nusquam
1106 2537 1141 2600 in
1159 2537 1284 2600 oratio-

174 2647 176 2654 ·
247 2623 345 2688 nibus
361 2627 542 2706 invenitur,
559 2627 626 2708 nisi
642 2625 699 2687 ubi
719 2623 812 2689 verba
832 2621 989 2706 evulgari
1008 2631 1040 2686 et
1064 2620 1141 2686 exili
1163 2641 1285 2708 genere.

250 2705 379 2772 dicendi
397 2709 694 2796 depromptasuut.
738 2709 849 2788 Quum
872 2709 881 2772 i
907 2709 971 2770 itur
986 2705 1133 2772 Muretus
1157 2716 1190 2768 et
1215 2707 1285 2768 Ga-

171 2835 173 2846 .
248 2794 399 2858 ratonius
415 2794 450 2856 in
472 2795 540 2858 Cic.
567 2793 651 2858 Phil.
666 2795 697 2872 5,
712 2795 750 2868 6,,Ι
763 2796 812 2858 15.
835 2791 855 2855 d
890 2791 1045 2855 cuderent
1069 2790 1284 2862 vaticani'co-

202 2874 206 2883 ‘
250 2874 333 2942 dicia
362 2879 559 2964 scripturam
584 2901 636 2942 em
669 2899 843 2952 caussam,
875 2874 1027 2944 Ciceroni
1051 2871 1131 2939 falso
1155 2875 1284 2940 tribue-
1312 2895 1314 2898 ·

249 2972 347 3044 runt,
370 2963 458 3050 quod
476 2963 616 3030 librariis
635 2963 794 3049 assignare
817 2962 1006 3028 debuerant.
1048 2959 1075 3026 ti
1100 2959 1195 3029 enim'
1211 2959 1284 3026 ubi-

151 3095 153 3101 .
251 3067 315 3134 que
331 3071 372 3115 eu
391 3051 426 3120 in
450 3070 502 3115 em
518 3051 541 3113 i.
557 3071 588 3114 e.
604 3050 680 3116 bem
695 3058 967 3136 transposuerunt
991 3044 1115 3132 vulgari
1139 3045 1285 3110 sermoni

149 3151 153 3156 ·
250 3133 385 3200 adsueti.
434 3137 480 3202 Ac
502 3135 600 3203 multi
622 3143 698 3200 sunt
720 3133 803 3218 loci,
830 3133 866 3202 iu
913 3133 1007 3200 uibus
1026 3129 1187 3197 uocabulo
1209 3130 1287 3200 (rem

251 3219 447 3286 substituere
462 3221 565 3305 possis
583 3242 634 3296 en,
657 3237 769 3302 pauca,
786 3219 819 3280 in
837 3155 954 3304 quibua
974 3216 1189 3282 contrarium.
1222 3215 1287 3281 Ce-

251 3309 361 3368 terum
375 3303 617 3380 Lindemanuus
635 3302 675 3364 ad
690 3301 795 3366 Plauti
812 3303 905 3388 Capt.
921 3308 954 3382 3,
967 3303 997 3380 4,
1015 3305 1046 3369 8.
1068 3301 1196 3386 negavit
1210 3299 1287 3368 bem

235 3376 321 3449 'esse
335 3385 569 3461 monstrantis,
584 3383 680 3470 'quod
706 3385 875 3468 quomodo
898 3383 1108 3474 comprobari
1126 3384 1232 3472 possit
1249 3386 1286 3450 iu

250 3469 292 3534 iis
315 3469 416 3550 locis,
440 3471 474 3536 in
489 3469 606 3553 quibus
623 3467 892 3536 demonstrationi
907 3471 1027 3562 aliquid
1050 3493 1091 3535 ex
1115 3471 1216 3537 animi
1233 3469 1286 3532 af-

75 3593 78 3600 .
178 3584 181 3588 ·
250 3549 340 3619 fectu
364 3553 546 3618 admixtum
573 3575 642 3618 esse
667 3565 818 3641 apparet,
850 3557 1001 3640 equidem
1015 3553 1082 3620 non
1109 3554 1286 3641 perspicio.

250 3637 290 3702 ln
307 3639 401 3724 Capt.
417 3645 448 3716 8,
467 3640 498 3716 4,
518 3643 549 3703 8.
573 3638 658 3704 bene
673 3661 706 3702 se
723 3639 997 3728 habet'scriptura
1015 3641 1137 3704 codicis
1158 3639 1287 3703 leiden-

158 3717 161 3744 ‘
251 3723 315 3788 sisa
339 3747 380 3788 en
402 3724 660 3805 tidibomiuem,
680 3724 752 3788 adi.
796 3725 1055 3790 Conf.Tom.2.
1081 3725 1206 3824 paea.
1246 3722 1288 3786 ln

188 3806 198 3816 '
252 3805 325 3899 cic.
343 3808 427 3874 Phil.
450 3811 618 3889 5‚12,32.
648 3811 741 3884 hem.
763 3811 811 3874 act
834 3833 927 3898 quem
945 3811 1077 3896 legatus
1100 3811 1288 3874 mittamus.

247 3891 419 3958 Ferrarius
442 3897 561 3960 merito
585 3884 744 3960 revocavit
769 3919 827 3973 eu,
849 3894 939 3978 qued
968 3917 1006 3959 eo
1030 3895 1131 3958 modo
1159 3895 1288 3958 dictum

253 3987 319 4057 est,
347 3999 414 4066 quo
437 3985 476 4059 3,
500 3985 538 4054 9,
559 3985 610 4045 22.
634 4003 692 4056 eu,
715 4001 774 4042 cur
795 3981 960 4065 snagister
983 3980 1053 4044 eiua
1078 4003 1117 4044 ex
1150 3991 1289 4044 oratore

255 4061 520 4156 uratursactua,
537 4063 763 4156 possidentia
779 4085 866 4154 agro
876 4063 1012 4153 publicu
1027 4063 1152 4156 populi
1169 4086 1290 4134 rosna-
