2812 4732
730 321 789 387 lN.

299 493 417 534 crarta.
436 491 508 540 oron
525 492 576 530 aar
597 491 630 528 nr
647 491 796 530 rannrrru
813 487 938 530 ruuvnrs
960 491 999 528 nr
1015 489 1202 530 nonons'rvs.
1225 476 1304 544 quoti

297 571 439 632 tamqnam
453 563 612 629 'exemplum
634 562 730 632 optimi
754 561 818 614 aevi
841 561 1007 616 Garatonius
1028 561 1111 613 sll'ert
1135 561 1172 614 cd
1192 559 1257 612 Cic.
1274 579 1303 628 p.

297 648 390 719 Quint.
407 645 451 700 30.
494 647 605 700 Tabula
633 647 705 715 apud
727 647 857 700 Caeretes
885 653 996 716 reperta
1024 647 1154 714 (Gruter.
1181 665 1213 715 p.
1237 645 1301 699 214.

298 733 387 788 Orelli
411 751 438 784 ιι.
461 729 549 800 δΊΒΊ.)
574 749 607 786 ιιι
633 747 742 784 cvarau
766 747 911 783 rvaavnr.
948 731 1065 784 -Tahua
1097 725 1188 798 Neap.
1225 733 1301 799 apnrl

245 863 249 868 .
295 823 407 875 Gruter.
424 835 450 885 p.
466 815 525 870 208.
543 817 647 885 (Orell.
666 834 694 867 ιι.
710 812 803 881 4105.)
823 835 982 886 quamquem
997 836 1048 870 non
1066 817 1123 870 iure
1140 823 1227 886 sucta
1245 837 1301 870 em·

297 901 491 972 tionc'aemper
513 903 542 954 in
563 903 746 972 possesionem
764 902 874 968 suerint.
923 903 1005 954 Hanc
1036 902 1212 973 elegantiam
1247 901 1299 954 silai

297 991 438 1046 vindicant
453 987 649 1066 iurisconsulti.
681 985 737 1038 viu.
753 985 818 1054 urg.
833 985 877 1049 22,
893 985 919 1050 3,
936 984 980 1038 14.

224 1081 227 1087 ¹
333 1090 471 1148 Postremi
487 1091 592 1144 saeculi
608 1090 757 1157 scriptores
771 1078 824 1141 non
847 1077 945 1156 puduit
960 1087 1124 1142 soloecismi.
1161 1089 1219 1142 lul.
1241 1089 1299 1142 oh-

296 1196 354 1248 seq.
369 1176 482 1245 Prodig.
498 1174 557 1227 10⁰.
577 1177 633 1227 avia
652 1175 816 1227 incendiaria
838 1183 863 1227 et
882 1177 948 1226 bubo
969 1176 996 1226 in
1014 1175 1102 1226 urbem
1115 1175 1197 1225 visae.
1236 1175 1305 1243 ny:

299 1283 364 1336 gyn.
387 1262 456 1314 rao.
480 1257 523 1312 82.
550 1261 579 1312 ob
601 1261 629 1311 id
652 1259 750 1311 dicitur·
772 1260 809 1312 cd
833 1261 931 1328 inferar
951 1261 981 1311 in
1009 1276 1107 1326 equom
1127 1260 1225 1310 media
1241 1262 1298 1326 fine

298 1347 416 1417 corporis
432 1353 511 1398 stare.
546 1345 601 1397 Aut
617 1343 766 1412 ineptiunt,
786 1349 834 1397 aut
849 1343 1013 1414 corrigenda
1029 1345 1100 1394 haec
1115 1349 1183 1396 sunt
1197 1345 1296 1397 rerba.

334 1451 421 1516 Quam
437 1447 526 1500 seduli
537 1443 643 1500 ‘fuerint
657 1447 834 1516 grammatici
849 1445 876 1498 in
895 1443 1109 1499 comrnbndaurlo
1123 1447 1296 1512 archarismo,

298 1534 363 1587 vide
378 1533 407 1584 iu
425 1531 578 1584 Burmanni
597 1532 671 1584 notis
691 1533 725 1586 ad
741 1533 854 1586 Sueten.
868 1533 964 1584 Tiber.
979 1531 1004 1584 (i.
1024 1539 1052 1585 et
1066 1531 1141 1599 apuu
1158 1535 1294 1585 Arntzen.

297 1621 332 1674 ad
348 1618 442 1673 riurei.
459 1616 529 1670 Vict.
546 1618 581 1670 de
596 1619 701 1672 illustr.
716 1617 773 1669 Vir.
791 1616 818 1681 (i,
834 1615 860 1668 a.
883 1616 1048 1670 Arntzenius
1070 1617 1239 1680 dubitabat,
1261 1634 1295 1669 an

298 1701 427 1760 Aurelius
439 1701 609 1768 scripsisset:
624 1703 692 1772 quod
708 1703 735 1754 in
749 1703 874 1771 proelium
889 1703 985 1777 testera
996 1703 1176 1771 peruasisset.
1213 1703 1295 1770 Quod

298 1789 409 1844 Gor-tius
430 1787 585 1857 elegantiae
605 1787 713 1840 nomine
729 1786 880 1839 vindicavit
901 1785 929 1839 in
950 1785 1065 1838 Sallust.
1090 1788 1151 1839 Cat.
1175 1785 1232 1852 51,
1249 1788 1293 1840 36.

299 1876 342 1928 cai
366 1875 428 1926 item
451 1875 574 1925 euerritur
595 1874 625 1924 in
644 1889 736 1924 manaa
757 1874 799 1924 sit.
825 1871 994 1940 scripserunt
1018 1873 1103 1925 etiam
1127 1871 1245 1926 librarii
1264 1873 1293 1926 in

296 1958 405 2028 Apulei.
422 1957 456 2010 (le
475 1958 573 2026 Dogm.
588 1958 659 2010 Plat.
678 1974 704 2024 p.
719 1954 781 2010 254.
807 1957 877 2010 0ud.

310 2082 364 2147 Ex
381 2081 431 2156 iis,
457 2099 541 2164 quae
560 2080 719 2166 exposui,
743 2078 835 2144 facile
853 2079 1074 2168 intelligetur,
1098 2101 1171 2146 csse
1190 2083 1288 2146 etiarn

177 2185 187 2208 ‘
228 2170 263 2235 in
279 2167 380 2230 latina
397 2165 509 2250 lingua
525 2165 642 2244 verba,
668 2187 751 2252 quae
774 2166 905 2252 utrique
928 2167 1051 2230 rationi
1077 2175 1106 2228 ct
1133 2177 1241 2230 status
1259 2178 1288 2231 et

228 2251 404 2321 locationis
428 2251 644 2330 conveniant,
668 2275 728 2316 nec
751 2273 836 2338 opus
861 2274 930 2316 esse
953 2256 986 2320 ia
1015 2253 1053 2315 iis
1078 2251 1286 2338 explicandis

190 2381 191 2384 κ
227 2338 403 2408 artificiosa
438 2337 632 2400 criticorum
659 2339 944 2425 interpretatione.=
995 2338 1048 2402 Sic
1071 2337 1110 2400 in
1132 2339 1286 2402 medium

226 2427 416 2514 relinquere
439 2421 526 2485 haud
553 2423 768 2510 probabiliter
790 2423 1018 2486 demonstrant
1043 2421 1077 2486 in
1102 2446 1137 2486 se
1164 2423 1287 2490 habere

227 2516 266 2579 in
280 2510 431 2588 medium
448 2532 567 2574 eccere
583 2509 694 2596 ibique
708 2510 914 2596 relinquere:
936 2506 1097 2595 significat
1113 2510 1205 2573 enim
1233 2534 1287 2574 re-

227 2599 395 2684 linquere,
424 2605 461 2658 ut
485 2595 527 2657 sit
548 2597 581 2658 iu
606 2596 736 2675 medio,
751 2595 818 2686 fiir
844 2594 901 2659 die
922 2595 1034 2662 Mitte.
1079 2595 1153 2658 H'oc
1182 2597 1285 2660 modo

228 2687 326 2748 etiarn
342 2683 483 2744 incerere
507 2680 544 2742 in
567 2679 720 2766 aliquid,
743 2681 864 2746 adesse
889 2681 926 2744 in
951 2677 1104 2768 aliquid,
1126 2682 1286 2765 condere,

226 2766 399 2832 includere
414 2763 452 2826 in
472 2763 624 2849 aliquid,
646 2765 802 2830 desinere
815 2767 853 2829 in
871 2766 1005 2854 aliquid
1022 2766 1187 2832 dicuntur.

330 2884 481 2949 Concidere,
499 2883 571 2952 quod
595 2903 656 2937 cam
680 2885 801 2940 ablativo
825 2887 1012 2956 componitur,
1038 2887 1123 2939 etiam
1147 2888 1286 2942 accusati-

279 2989 360 3024 .aum
377 2969 507 3035 assumit,
523 2967 573 3021 ubi
588 2971 737 3039 occupandi
756 2971 830 3025 notio
847 2971 919 3024 inest
935 2971 1036 3024 activa.
1065 2972 1142 3026 Gurt.
1154 2971 1181 3039 7,
1198 2973 1225 3039 3,
1242 2973 1285 3026 23.

291 3058 446 3129 permissam
468 3055 495 3107 ic
514 3073 608 3109 novem
627 3055 716 3110 uriam
736 3058 872 3112 considere.
908 3057 956 3112 Sic
981 3057 1084 3112 Graeci
1107 3057 1285 3125 καθέζεσθαι

294 3143 334 3214 εἴς
352 3161 388 3196 τι.
409 3139 479 3194 ¹rid.
498 3139 605 3211 Taylor
623 3143 658 3196 ad
673 3142 785 3212 Lysiam
802 3161 829 3210 p.
844 3141 887 3195 72.

329 3245 419 3298 Tacit.
432 3245 501 3296 Ann.
509 3241 535 3308 4,
543 3243 585 3297 25.
602 3247 672 3298 traci
684 3234 796 3299 clanrore
810 3249 920 3300 adereat
932 3247 1096 3300 semisomnoa
1107 3248 1136 3299 in
1145 3249 1281 3302 barbaros.

330 3345 389 3399 cte.
399 3347 477 3398 Verr.
487 3345 513 3410 5,
522 3344 565 3410 55,
575 3345 635 3398 141.
654 3349 681 3400 in
692 3350 853 3417 praedonum
867 3351 1029 3420 hostiamque
1044 3353 1177 3404 custodies
1187 3360 1216 3404 tn
1223 3361 1283 3405 tun-

264 3482 266 3486 .
292 3439 350 3486 tam
363 3448 499 3483 numeram
513 3432 605 3484 ciuium
619 3449 784 3487 romanoram
794 3436 923 3512 includere
934 3453 1014 3499 casua
1029 3437 1086 3489 eat?
1111 3436 1227 3502 Ῑιίν.35,
1236 3437 1282 3504 30,

291 3516 335 3569 12.
355 3516 455 3570 incluso
468 3523 579 3584 tyranno
594 3517 622 3568 in
642 3519 741 3572 urbem.
775 3517 818 3583 30,
832 3518 877 3584 21,
890 3519 933 3573 31.
956 3522 1100 3574 hominibus
1122 3525 1237 3592 acceptis
1257 3532 1283 3577 et

209 3619 214 3640 ι
281 3593 322 3653 ste
341 3618 467 3674 carcerem
489 3602 609 3654 conditis.
652 3604 742 3658 Multa
758 3605 815 3657 alia
832 3611 966 3658 memorat
988 3607 1138 3658 Burmann.
1158 3607 1194 3658 erl
1216 3608 1282 3660 Vir-

126 3672 128 3680 ’
195 3743 231 3768 1,
293 3684 465 3755 gilliam&
483 3685 527 3740 24.
546 3693 576 3741 et
590 3688 728 3742 Drakenb.
743 3685 909 3756 aduivjta,
923 3687 966 3754 59,
981 3689 1023 3741 1⁰.
1040 3697 1068 3744 et
1085 3691 1119 3744 ad
1134 3691 1179 3756 23,
1194 3692 1220 3767 2,
1237 3693 1265 3746 9.
1378 3749 1379 3758 ,

308 3806 441 3875 Novum
473 3790 705 3960 arpumentum
730 3811 993 3900 'Oudendorpius
1019 3813 1182 3878 invenisse
1214 3816 1281 3881 sibi

224 3891 310 3958 visus
326 3903 393 3969 cst,
415 3905 451 3958 ut
469 3895 508 3960 de

526 3897 661 3965 cuderet
680 3897 766 3982 apud
781 3899 932 3962 Frontin.
954 3904 983 3978 1,
999 3903 1030 3981 3,
1047 3900 1078 3964 5.
1110 3899 1280 3966 Hesdra-

224 3977 284 4042 tat
303 4015 345 4028 -
370 3979 407 4044 in
430 3980 643 4068 Inspiciam
665 3983 790 4048 rictum
811 3984 996 4049 exercitum
1019 4012 1061 4035 -’
1090 4007 1154 4070 per
1178 3985 1279 4052 urbes

27 4095 29 4128 ι
75 4123 78 4130 ,
131 4135 133 4144 ,
224 4063 361 4130 divisit.-
382 4065 476 4130 sicuti
490 4069 586 4132 intra
601 4068 823 4156 fflapeniam,
838 4071 882 4136 ita
897 4071 995 4135 etiam
1011 4069 1049 4134 in
1062 4068 1280 4170 Hispaniam

209 4149 300 4252 .di⁰i’
323 4150 458 4218 utillud
475 4152 586 4255 ipsum
608 4155 861 4246 exprimeretur.
884 4160 944 4246 ¹ist
959 4157 994 4224 iu
1008 4157 1070 4224 hnc
1086 4157 1221 4244 quidem
1239 4181 1278 4227 re
