2730 4720
245 322 305 397 trs
700 294 816 382 tnta.
1168 405 1170 420 ἢ

356 479 417 535 [air.
430 475 457 542 b,
476 473 521 541 ᾖ,
535 472 563 530 4.
592 472 718 528 tantuna
736 469 872 524 idertidern
894 467 1012 522 amnibus
1030 463 1093 522 bacio¹
1111 461 1288 526 'concionaba-

239 547 242 553 '
315 573 367 620 tur.
398 561 449 626 ³5,
464 559 515 626 23,
533 559 559 615 2.
584 575 646 614 nanc
670 557 715 610 'etri
740 555 912 626 perlegatur
928 555 1069 608 identidem
1091 559 1179 610 onnia
1203 561 1291 628 espic-

315 651 448 704 rabantar.
650 720 653 726 μ
1025 685 1032 702 .

360 750 420 804 loir.
439 741 519 812 1,9,
535 745 577 798 12.
601 743 737 812 tuitioque
756 741 955 805 sciscitantibus,
974 741 1074 794 cuinam
1100 760 1160 796 earn
1176 750 1291 813 ferraret,

315 835 470 898 identidem,
487 847 519 883 ne
532 829 589 897 quis
605 829 731 892 uiolaret,
752 827 868 879 Talassio
877 826 948 892 ferri
960 826 1129 881 clamitatum.
1359 829 1361 834 ‘

362 935 445 989 Rhoe.
467 931 501 986 ad
520 931 640 983 Herenni.
653 927 687 994 b,
706 927 756 994 22,
769 925 812 980 bi.
839 929 882 979 sed
902 927 967 980 iliud
985 934 1074 996 facere
1093 930 1236 997 oportebit,
1262 939 1293 984 ut

319 1019 458 1073 identidem
469 1016 569 1086 prinae
584 1031 693 1083 quosque
714 1015 780 1066 iocos
801 1013 946 1081 imaginum
971 1013 1175 1064 rcnoomrdaruun
1201 1031 1294 1066 caussa

319 1106 432 1158 celeriter
453 1101 539 1154 noina
554 1115 739 1168 pervagemur.
772 1095 833 1160 luit.
854 1094 904 1159 33,
919 1094 971 1160 ib,
985 1095 1011 1148 b.
1038 1098 1162 1149 adom
1184 1097 1292 1152 Hanni-

318 1189 372 1240 bali
387 1186 515 1254 sactitnie
539 1184 654 1237 beminen
675 1181 831 1252 principibus
852 1181 979 1245 romania,
996 1181 1088 1235 amicir
1113 1183 1217 1250 pniapar
1235 1185 1291 1236 auia

316 1271 454 1325 identidem
472 1269 623 1322 scribebant.

332 1405 364 1468 7.
395 1402 587 1466 Laurentius
603 1398 697 1464 Velia
722 1397 868 1487 Elegant.
884 1401 922 1472 2,
938 1397 989 1462 50.
1013 1395 1203 1465 identidem
1224 1401 1286 1465 dc·

250 1497 412 1556 monstrat
435 1509 503 1551 esse
518 1485 706 1571 frequenter
727 1507 803 1549 cunr
820 1483 963 1569 quodam
988 1477 1178 1560 intervallo,
1200 1497 1237 1550 ut
1259 1488 1286 1550 si
1358 1513 1361 1620 4

250 1573 448 1640 iterfaciens
467 1570 581 1636 crebro
601 1569 640 1634 ad
658 1571 815 1636 comitem
839 1569 1029 1656 respiciam,
1049 1571 1094 1633 'nn
1117 1593 1171 1634 me
1195 1576 1288 1658 sequi
1359 1629 1360 1632 ,

277 1659 373 1724 ossite
401 1656 490 1744 quod
524 1657 722 1742 posteriores
753 1657 930 1741 scriptores
959 1653 1107 1718 dicebant
1133 1653 1288 1720 sirbinde.
1359 1661 1361 1664 ’

250 1685 343 1813 Επεὶ
363 1745 516 1829 igiturex
532 1741 590 1805 hac
607 1741 762 1826 opinione
785 1739 818 1804 id
844 1739 931 1824 quad
958 1762 1020 1802 oon
1043 1737 1121 1802 Zeit
1134 1764 1177 1803 nn
1195 1740 1287 1806 Zeit.

251 1833 293 1898 tt
307 1851 347 1894 ex
363 1830 419 1906 iis,
442 1849 525 1913 qtruc
540 1849 601 1889 nos
624 1825 809 1903 attulimus,
829 1825 905 1888 satis
928 1835 1031 1909 patet,
1053 1823 1116 1886 hoc
1143 1827 1288 1890 vocabu-

248 1917 320 1980 lum
338 1913 480 1978 einsdem
499 1913 545 1976 rei
571 1911 717 1974 crebram
740 1911 968 1997 repetitionem
993 1907 1153 1974 indicares
1180 1912 1286 1976 iater-

245 1999 326 2075 ¹valli
349 1997 435 2061 nuiia
460 1997 598 2060 ‘omnino
623 2005 671 2058 est
692 1997 784 2059 ratio.
812 1991 918 2058 *Sunt
940 1993 1019 2072 ioci,
1049 1994 1082 2057 in
1112 1993 1235 2080 quibus
1259 2000 1282 2060 si

208 2105 217 2124 f
249 2083 367 2150 reddas
384 2081 478 2146 donn
494 2080 565 2144 und
582 2102 702 2164 wenni,
727 2078 902 2146 verendum
928 2090 976 2142 est
1000 2101 1041 2143 nc
1062 2080 1193 2165 ineptus
1216 2081 1281 2151 fias.

154 2187 163 2210 ⁸
249 2170 349 2232 veluti
365 2168 458 2231 Curt.
474 2170 504 2240 9,
520 2170 551 2240 9„
567 2171 619 2229 21.
650 2165 748 2232 utiles
771 2187 867 2230 nece
893 2164 971 2227 redi
992 2163 1029 2227 in
1053 2176 1202 2239 terram.
1224 2189 1282 2230 nec

250 2253 288 2318 in
310 2274 412 2316 naves
437 2248 613 2315 subsistere
638 2249 804 2330 audebat,
842 2250 856 2312 i
882 2249 1029 2312 entidem
1046 2251 1281 2335 praecentibus
1330 2293 1336 2300 ·

247 2339 432 2426 graviora,
454 2357 539 2423 quae
556 2349 787 2424 sequerentur,
810 2346 1014 2421 exspectans.

371 2467 499 2522 Ιι,

660 2519 862 2616 IDEO.
952 2585 955 2594 .

330 2677 380 2742 De
396 2675 524 2762 origine
539 2667 688 2738 vocabuli
705 2691 790 2739 mtto
808 2670 894 2738 hand
937 2695 1010 2740 arva
1027 2685 1133 2742 exstat
1150 2661 1281 2762 opinio-

248 2781 329 2828 num
353 2761 501 2824 varietas.
550 2758 792 2822 Lindemannus
818 2759 858 2823 de
879 2697 1041 2826 Adverbio
1056 2767 1088 2826 2.
1115 2783 1150 2848 p.
1168 2765 1218 2826 19.
1239 2765 1280 2826 ita

248 2848 408 2936 disputate
432 2843 544 2924 „Ideo
560 2843 694 2931 proprie
721 2853 769 2906 est
792 2843 831 2908 id
847 2867 903 2926 eo,
925 2845 998 2910 dies
1020 2847 1165 2913 darum:
1187 2846 1220 2910 id
1246 2869 1280 2910 ea
1353 2921 1354 2925 η

135 3006 137 3013 Ι
249 2933 361 2998 dere:
385 2927 589 3016 quodquam
606 2949 700 3016 saepe
725 2929 929 3014 iungeretur,
957 2932 1012 2996 ubi
1038 2932 1078 2996 id
1102 2951 1200 2999 sunm
1219 2929 1280 2997 ha·
1352 2932 1354 2941 '

247 3019 341 3084 beret
358 3017 470 3096 locum
491 3037 647 3102 suamque
667 3020 881 3103 potestatem,
900 3016 1016 3083 veluti:
1037 3016 1076 3081 id
1087 3040 1128 3080 eo
1143 3012 1281 3104 foetum

247 3117 297 3170 est
319 3114 375 3168 nt.-
405 3100 520 3168 accidit
542 3101 658 3166 deinde
688 3100 788 3190 longo
825 3122 905 3178 usu,
938 3113 976 3166 ut
1005 3103 1219 3188 iungerentur
1245 3103 1280 3167 in

247 3211 351 3253 unum
367 3187 560 3252 vocabulum
578 3187 643 3250 duo
661 3187 829 3250 diversa.“
870 3187 955 3251 Haec
977 3185 1113 3252 fortasse
1134 3187 1281 3273 speciosa

163 3305 167 3312 ⁴
246 3272 443 3340 videbantur
458 3271 544 3336 aliis:
566 3293 621 3334 me
643 3271 776 3354 quidem
798 3269 899 3356 fugit,
918 3271 1086 3358 quomado
1108 3270 1166 3350 id,
1191 3273 1280 3360 quod

245 3359 425 3422 subiectum
450 3353 676 3420 enuntiationis
701 3356 759 3431 sit,
781 3355 953 3442 copuletur
975 3379 1050 3422 cam
1070 3359 1206 3422 nomine
1228 3381 1277 3436 eo,

189 3457 193 3466 ’
247 3442 391 3528 quoded
409 3437 634 3525 praedicatum
651 3439 808 3522 pertinet:
833 3462 892 3504 nec
916 3453 1026 3529 potest
1049 3463 1158 3506 caussa
1182 3441 1277 3507 huius

246 3524 444 3590 confusionis
466 3525 532 3587 sire
560 3523 833 3609 breviloquentiae
860 3526 896 3590 in
926 3527 1027 3614 longo
1053 3544 1114 3592 nsa
1145 3529 1274 3612 quaeri:

238 3607 536 3684 -rcdundatscilicet
550 3606 589 3671 id
606 3609 639 3672 in
657 3609 715 3674 tali
736 3611 983 3695 compositione.
1027 3607 1091 3676 Sed
1113 3615 1175 3678 ista
1200 3635 1276 3680 sen·

245 3695 345 3759 tentia
363 3716 404 3758 ne
422 3715 505 3757 nova
523 3691 654 3778 quidem
678 3705 744 3774 est,
774 3717 885 3762 verum
908 3697 972 3762 iam
1000 3697 1212 3762 aPerizonio
1238 3697 1277 3762 ad

114 3789 117 3800 '
231 3778 366 3844 ·Scnctii
382 3779 519 3843 Minerv.
534 3783 566 3852 8,
592 3781 641 3862 14,
664 3784 717 3844 37.
736 3784 924 3868 proposita,
947 3803 1018 3846 non
1038 3774 1180 3849 firmiori
1203 3785 1277 3868 qui-

243 3863 320 3927 dem
355 3865 630 3949 argumentatione
672 3864 864 3930 substructa.
931 3865 1023 3933 Adde
1062 3864 1277 3948 anshomii

244 3949 426 4014 Grammat.
456 3971 488 4036 p.
514 3953 587 4014 851.
644 3947 735 4014 Idem
756 3961 866 4016 tamen
888 3951 1276 4019 Perizoniusmeliorom

236 4033 491 4122 'explicationem
513 4035 673 4098 invenisse
698 4035 760 4100 sibi
782 4037 968 4118 videbatur,
1007 4057 1110 4124 quum
1139 4038 1274 4118 diceret,

241 4119 319 4186 idea
332 4141 400 4186 csse
414 4120 452 4186 in
467 4143 506 4188 ea
524 4119 575 4186 rel
594 4119 680 4186 indu
694 4143 750 4202 eo,
770 4119 847 4186 elisa
861 4122 967 4190 littera
978 4143 1021 4207 n,
1040 4123 1132 4209 qnas'i
1149 4125 1275 4191 inteili-
