2812 4732
190 379 193 388 ·
250 359 315 432 en
681 312 882 424 numen.

357 515 450 570 Plane.
464 510 563 566 Pseud.
577 512 605 578 2,
621 510 651 578 4,
666 510 711 566 411.
728 513 820 578 ecquid
836 510 951 565 tainu
971 513 1046 565 lama
1062 511 1130 565 aeeti
1151 512 1182 564 in
1200 513 1328 582 pedanei

326 618 373 655 em.
391 603 475 667 Atque
495 599 654 670 aeidismmi.
688 615 730 649 es.
758 597 842 662 Quid,
863 597 887 671 si
911 613 974 665 epus
991 598 1042 660 sit,
1068 604 1099 648 ut
1122 598 1200 650 dulee
1223 607 1330 667 promat

328 686 460 748 indidem,
477 684 566 752 ecquid
587 682 687 736 dalet?
720 681 831 748 11113,
849 680 883 746 l,
903 679 947 733 12.
974 681 1163 736 hilarissimum
1189 686 1329 736 conviva·

329 772 388 826 tine
403 769 516 821 indidem
534 787 686 838 expromam
699 767 755 820 tibi.

365 870 474 941 Apulei.
493 869 528 924 da
542 870 636 924 Mund.
653 887 679 938 p.
694 868 737 934 64,
752 865 797 921 ti.
814 885 876 921 nam
890 867 1042 935 quibuisdam
1063 869 1111 924 sul
1132 869 1221 922 tersis
1240 872 1329 925 occulti

332 966 392 1013 sunt
407 956 516 1028 spiritus
529 964 555 1010 et
562 959 660 1025 flantes
678 955 800 1008 ineendia
814 955 927 1006 indidem
944 953 1087 1022 saepirant.

369 1063 412 1114 De
426 1058 542 1128 reginae
555 1037 679 1117 ¹Frontia.
696 1058 819 1127 Strateg.
835 1055 862 1121 2,
876 1053 903 1121 4,
919 1051 946 1108 5.
965 1056 1039 1108 iussit
1057 1057 1184 1116 muliones
1207 1059 1280 1112 elam
1302 1061 1329 1111 is

334 1153 432 1200 mentes
452 1162 510 1197 eum
530 1145 607 1198 mulis
627 1144 715 1207 alise,
739 1150 765 1196 et
779 1143 893 1195 indidem
911 1149 1024 1194 eansesta
1043 1143 1142 1211 praelia
1163 1143 1238 1197 uelut
1260 1147 1329 1212 equis

337 1231 478 1284 insidentes
496 1236 627 1284 attentare
647 1246 672 1282 se
692 1227 907 1298 repugnantibus.
926 1224 986 1280 ise.
1005 1227 1179 1295 exipsorum
1192 1230 1329 1282 mantiam

335 1331 462 1388 regmae.

353 1473 384 1532 2.
413 1465 497 1530 Item
523 1462 563 1527 de
585 1422 703 1542 sebna,
725 1465 793 1528 sive
809 1461 1003 1552 intelligitur
1026 1466 1142 1547 ongo,
1167 1465 1240 1530 sive
1265 1491 1325 1544 res,

272 1551 361 1633 unde
380 1551 458 1638 quid
475 1560 647 1638 sumptum
673 1561 728 1614 aut
746 1551 899 1638 petitum.
931 1547 1018 1634 *via
1041 1547 1267 1638 Oudendorp.
1288 1555 1326 1619 ad

274 1639 400 1727 Apulei.
418 1637 498 1702 Met.
516 1641 547 1700 2.
569 1659 603 1727 p.
622 1639 674 1700 83.

375 1757 478 1810 Paeuv.
500 1757 573 1826 apud
598 1756 657 1809 cto.
675 1755 709 1806 de
724 1751 787 1806 niv.
804 1753 838 1818 1,
854 1750 906 1818 m,
922 1749 983 1803 131.
1000 1751 1169 1821 indidemque
1189 1759 1326 1827 eadamque

341 1843 460 1896 oriuntur
476 1844 509 1896 de
523 1845 639 1912 integra,
656 1850 734 1908 atque
750 1840 836 1891 eedem
851 1837 978 1889 accidunt.
1012 1836 1072 1889 Liv.
1086 1836 1131 1904 39,
1146 1837 1174 1903 8,
1190 1839 1219 1892 8.
1238 1861 1325 1896 mena

341 1928 459 1980 indidem
476 1928 661 1996 intestinaeque
676 1925 773 1976 caedes.
808 1921 909 1974 cntull.
924 1920 1044 1986 61212.
1062 1941 1111 1976 nan
1129 1925 1202 1978 deeee
1219 1934 1274 1979 tam
1287 1946 1326 1979 ee-

342 2014 449 2066 tussine
463 2011 552 2064 lilesis
570 2029 662 2064 namen
683 2025 751 2062 esee:
769 2008 813 2059 sed
834 2009 952 2060 indidem
968 2025 1067 2077 semper
1085 2010 1255 2078 ingenerari.
1272 2012 1288 2064 i.
1303 2029 1324 2063 e.

345 2111 380 2147 ex
395 2095 492 2147 eedem
515 2095 609 2166 stirpe.
643 2092 750 2148 Gellius
768 2089 800 2156 2,
815 2090 859 2144 22.
881 2093 967 2145 oritur
988 2096 1055 2156 enim
1075 2096 1116 2148 sal
1138 2113 1193 2148 nan
1212 2099 1323 2150 indidem

343 2171 461 2248 sennen*
533 2197 540 2214 ν

265 2344 270 2351 Ι
371 2279 438 2334 Ὶ(110.
456 2281 490 2334 da
505 2279 582 2333 orat.
597 2278 624 2346 6,
638 2278 682 2345 46,
697 2277 758 2331 161.
774 2279 840 2348 unde
853 2279 921 2332 enim
944 2281 1027 2360 simile
1048 2283 1109 2334 duni
1124 2292 1214 2352 petest
1239 2286 1323 2354 (palad
1367 2283 1368 2357 l

343 2374 433 2420 autem
455 2385 487 2420 es
506 2366 639 2434 amnibus)
663 2366 779 2418 indidem
801 2365 906 2417 verium
926 2382 1026 2432 unum,
1044 2368 1112 2434 quad
1132 2371 1324 2423 similitudines
1366 2431 1367 2438 ¹

342 2452 470 2516 eontinet,
489 2453 646 2506 translatam
671 2451 754 2502 lumen
769 2451 850 2515 affert
862 2450 985 2502 arationi.
1018 2451 1105 2505 Verre
1121 2452 1157 2504 da
1172 2455 1205 2507 Is.
1222 2455 1256 2509 Is.
1268 2453 1324 2519 6,2.
1366 2455 1367 2528 l

290 2571 297 2580 .
346 2534 383 2603 (1,
398 2533 453 2602 lu)
470 2538 548 2590 etiam
564 2537 679 2588 indidem
692 2535 758 2586 illud
776 2534 858 2585 Enni.

383 2638 452 2690 (lata
470 2638 504 2689 de
522 2639 564 2690 Re
580 2655 603 2690 r.
617 2636 661 2690 26.
679 2635 812 2701 indidem,
830 2636 950 2701 sinales,
969 2638 1050 2692 levita
1069 2641 1222 2709 paullatim.
1258 2644 1324 2708 Apa-
1365 2605 1366 2698 1

345 2719 393 2773 lei.
408 2721 475 2772 mot
491 2721 516 2774 1.
535 2737 561 2788 p.
578 2721 638 2784 110,
653 2718 697 2770 29.
717 2720 772 2788 ipse
792 2719 891 2788 aliquid
913 2722 1027 2776 indidem
1047 2741 1129 2776 suma.
1167 2725 1207 2778 lt.
1228 2743 1256 2794 p.
1270 2725 1323 2788 248,

304 2824 307 2834 ·
344 2803 389 2856 32.
406 2805 439 2858 de
458 2813 571 2874 stagneo
588 2805 690 2856 vaseula
710 2803 792 2854 mults
810 2820 863 2856 sese
879 2789 1010 2876 ‘perungit
1029 2810 1081 2860 alea
1102 2810 1223 2865 lalenma
1247 2827 1325 2879 measa

343 2890 458 2942 indidem
474 2883 623 2960 largissime
636 2889 772 2958 perfricui·
805 2885 830 2939 3.
847 2905 873 2955 p.
889 2889 947 2957 1³9,
963 2892 989 2948 2.
1003 2895 1136 2962 impedire
1150 2897 1228 2948 nelis
1244 2905 1326 2948 unet*

345 2976 400 3031 lum
418 2976 543 3028 indidem.
567 2974 585 3027 1.
601 2993 625 3028 e.
646 2991 680 3027 ex
695 2971 792 3025 endem
815 2973 920 3042 pyxide.
956 2975 982 3030 2.
1001 2996 1026 3046 p.
1043 2977 1103 3043 114,
1119 2977 1164 3032 46.
1189 2988 1273 3034 ut-
1291 2983 1325 3031 la-

342 3062 419 3132 pides
433 3078 494 3130 quas
512 3061 673 3129 offenderem
691 3057 981 3124 illumiminatae,
1001 3070 1027 3115 et
1041 3081 1100 3116 aues
1122 3081 1190 3133 quas
1210 3067 1324 3118 audires

346 3147 465 3199 indidem
474 3146 606 3214 plumulae
617 3132 658 3186 ⁵-
675 3140 810 3197 craterem.
852 3159 855 3171 ·

362 3303 394 3363 3.
417 3296 457 3361 In
480 3295 580 3360 alteru
595 3306 688 3381 perte
709 3296 870 3361 orationis
891 3285 983 3364 unde
1008 3299 1146 3384 ponitur
1170 3321 1244 3362 non
1269 3299 1323 3364 alia

261 3383 425 3460 eudone,
455 3403 556 3466 quam,
578 3391 612 3444 ut
638 3379 796 3446 indidem
819 3385 973 3448 eumdem‘
998 3384 1111 3447 locum
1136 3385 1207 3448 aliis
1233 3385 1322 3449 rebus

172 3527 178 3540 ,
277 3489 491 3532 communem
516 3476 623 3537 notet.
678 3467 739 3531 Per
763 3469 993 3534 attractionem
1019 3467 1074 3550 fit,
1106 3481 1139 3532 ut
1169 3469 1322 3536 indidem

275 3574 354 3634 eum
368 3553 460 3618 unde
478 3554 697 3639 coniungatur
707 3599 718 3632 ,
742 3553 800 3616 ubi
815 3551 942 3620 ibidem
959 3565 1008 3620 est
1023 3554 1212 3622 dicendum.

380 3681 438 3735 (lic.
454 3682 488 3734 de
503 3679 579 3734 Oret.
597 3677 623 3746 3,
639 3677 683 3745 4⁰,
699 3679 759 3733 161.
776 3685 845 3736 unde
861 3685 930 3738 enim
943 3683 1026 3737 eimile
1040 3685 1101 3737 duei
1113 3691 1214 3754 petest,
1235 3709 1271 3725 -
1285 3684 1322 3735 in«

341 3767 427 3820 didem
438 3769 544 3819 uerbum
564 3783 653 3830 unum,
671 3769 738 3834 quad
752 3769 948 3823 similitudinum
964 3770 1091 3835 eontinet,
1108 3771 1270 3823 translatum
1284 3769 1321 3818 lu·

339 3869 399 3904 men
413 3855 497 3920 effert
511 3851 635 3904 arationi.

377 3952 468 4006 Pleut.
491 3953 558 4008 Uist.
581 3954 607 4019 1,
620 3952 648 4018 1,
664 3948 708 4002 64.
724 3952 856 4026 indidem,
872 3955 944 4008 unde
965 3955 1067 4020 esitus,
1082 3956 1170 4022 facite
1191 3962 1222 4008 ut
1233 3957 1320 4026 saetas

335 4039 474 4092 stultitiam
488 4040 652 4108 sepelililem.
673 4035 692 4091 i.
709 4055 735 4090 e.
754 4037 849 4090 eadem
864 4039 941 4104 loen,
959 4037 988 4092 in
1001 4039 1103 4092 anima.

346 4175 378 4239 4.
411 4174 550 4240 Ponitur
573 4172 750 4276 indidem,
783 4173 918 4262 quando
942 4173 1121 4242 dicendum
1149 4184 1217 4257 est,
1247 4195 1318 4240 rem

1038 4391 1049 4436 l
