2812 4732
707 299 765 368 tn.
827 329 833 336 ·

275 459 405 530 retipnnrn
423 454 479 509 rid.
494 455 615 510 Gronov.
635 453 671 509 ad
692 455 754 510 tae.
767 453 818 522 23,
831 454 883 520 23,
896 450 923 506 ti.
943 451 1068 508 Sallust*
1080 451 1142 522 Ing.
1161 449 1213 518 42,
1234 449 1261 506 4.

221 599 223 607 ,
274 548 383 616 ptusque
407 545 436 596 in
458 535 583 610 retianum
604 543 656 595 stat
675 543 776 596 timoris
798 559 878 611 quom
901 540 1036 608 potentiae
1056 539 1171 591 addidit.
1213 537 1263 590 ubi

276 629 395 688 cortine.
423 627 485 680 niv.
500 625 551 692 41,
567 627 619 692 23,
634 626 677 682 15.
694 627 811 697 cogitare
831 615 915 688 iniret,
940 625 1065 693 quomodo
1085 623 1116 675 io
1135 625 1263 692 reliquum

275 711 508 770 hononorem
525 721 643 782 egeratur.
677 710 721 776 311,
737 711 786 777 lo,
802 709 845 763 14.
875 711 911 762 od
933 711 1124 776 confinarnndos
1144 709 1174 762 tn
1197 709 1261 760 reti-

275 799 497 870 promessionem
511 799 621 852 caimos.
656 797 768 852 Sueten.
785 795 857 866 Aug.
870 792 915 848 41.
933 789 978 868 prii
998 811 1089 848 roone
1109 794 1139 847 ia
1154 795 1262 864 doptson

274 891 386 955 possent.

307 985 399 1040 Lexic.
415 986 516 1056 cyrilti
530 984 603 1054 apud
619 985 732 1039 Vulcan.
750 1001 777 1053 p.
794 981 857 1036 444.
879 981 921 1046 εἰς
933 979 1036 1052 μάτην,
1050 979 1151 1053 gratia
1171 979 1201 1031 io
1215 995 1263 1029 oo·

276 1090 362 1125 eoam
398 1072 555 1140 Quomodo
571 1069 721 1124 Salmasius
744 1069 847 1137 otiique
865 1067 1055 1137 explicuerunt
1077 1066 1171 1118 locum
1191 1061 1263 1116 Sne·

276 1161 333 1210 ton.
348 1157 444 1210 Claud.
459 1155 493 1208 9.
522 1165 553 1210 nt
575 1159 605 1208 io
626 1173 737 1208 onmem
759 1156 819 1225 lege
839 1155 1017 1224 praediatorio
1036 1151 1198 1222 pependerit.
1231 1149 1263 1200 io

270 1243 429 1294 immensum
444 1242 525 1294 modo
541 1259 604 1294 cum
620 1227 715 1292 verbis
730 1239 896 1310 procedendi
905 1240 951 1292 rel
965 1235 1194 1302 excunctmouo
1209 1249 1259 1286 eu-

278 1325 362 1394 gendi
384 1325 563 1394 componitur.
605 1325 683 1378 Orid.
703 1325 797 1378 Amor.
818 1323 851 1389 3,
868 1325 917 1390 12,
930 1322 958 1378 4.
983 1325 1036 1378 erit
1057 1323 1088 1374 in
1111 1322 1263 1372 immensum

271 1411 389 1482 jocando
409 1412 514 1464 licentia
532 1418 630 1464 sotum.
670 1409 739 1464 Met.
759 1407 793 1475 4,
816 1407 877 1463 660.
895 1397 987 1480 parter
1004 1415 1100 1482 *auctae
1123 1393 1263 1458 isdemne·

278 1497 353 1548 erevit
368 1497 395 1547 ia
409 1497 570 1548 immensum.
605 1495 715 1564 Apulei.
729 1495 796 1546 Met.
814 1494 857 1548 10.
877 1512 904 1562 p.
921 1492 988 1558 2453
1006 1491 1050 1560 13.
1067 1491 1141 1545 uideo
1162 1491 1193 1542 in
1215 1489 1263 1552 isn-

95 1579 104 1588 “
187 1603 191 1609 ’
236 1567 239 1572 ’
277 1596 394 1632 meum
408 1581 501 1632 domni
519 1581 650 1646 querclam
659 1582 848 1648 procedentem.
884 1578 957 1632 Ptin.
978 1577 1051 1631 nist.
1068 1596 1095 1631 n.
1108 1575 1151 1641 lt),
1166 1571 1264 1639 31152.

278 1664 306 1716 in
320 1666 430 1718 multam
444 1665 588 1718 velociores.
624 1665 712 1718 Tacit.
727 1667 796 1718 Anu.
812 1663 838 1730 6,
853 1662 897 1718 42.
918 1665 1011 1717 civitot
1031 1669 1106 1732 septo
1121 1662 1204 1714 muris
1221 1677 1264 1711 ne-

256 1764 260 1773 *
280 1767 328 1818 pne
341 1751 369 1802 io
384 1751 524 1818 boricium
539 1757 671 1818 corrupta.
705 1749 778 1802 liist.
795 1749 821 1815 5,
837 1749 863 1802 2.
882 1757 959 1804 aneto
970 1749 998 1828 in
1013 1749 1154 1802 corborum
1171 1763 1262 1816 cogno·

215 1874 223 1882 .
278 1841 370 1888 mento.
403 1833 448 1914 12,
462 1832 506 1888 39.
523 1837 593 1888 nollo
606 1835 635 1886 in
650 1835 779 1888 diversam
792 1841 907 1888 nestore.

310 1939 354 1990 Do
367 1937 468 1992 omisso
483 1937 685 2007 praepositione
699 1935 728 1989 in
748 1936 843 1990 verbis
863 1939 1033 2002 immensum,
1050 1941 1189 2020 oeternum
1209 1929 1263 1985 vid.

280 2017 454 2092 Oudendorp.
471 2023 506 2076 ad
522 2021 633 2092 Apuleii
647 2023 721 2076 net.
734 2039 762 2091 p.
775 2019 828 2082 45.

296 2145 347 2210 53.
373 2145 419 2210 In
441 2157 579 2211 tantum
601 2156 636 2211 et
659 2145 698 2212 io
722 2157 888 2233 qatontom
909 2143 1076 2226 fiormuiae
1098 2151 1195 2218 sunt,
1225 2137 1265 2205 de

176 2293 179 2300 .
213 2249 354 2316 quarum
372 2233 537 2321 probitate
552 2234 674 2320 multae
690 2242 821 2298 exstant
835 2233 1131 2320 grammaticorum
1148 2229 1263 2312 dispu-

133 2372 138 2377 .
211 2317 366 2384 tationes.
408 2319 610 2384 Dubitarunt
624 2319 732 2398 enim,
754 2340 837 2382 num
857 2319 959 2384 latine
982 2329 1015 2384 et
1037 2318 1204 2404 eleganter
1221 2313 1264 2376 ita

212 2402 438 2490 loquerentun
483 2405 566 2490 Vide
589 2404 689 2470 Flavii
713 2405 940 2470 coniectat.
968 2403 1035 2469 Ios.
1059 2405 1201 2469 Mereor.
1223 2395 1265 2462 ad

215 2489 356 2576 Septim.
366 2497 396 2570 2,
411 2497 465 2558 82.
489 2492 643 2556 Vossium
656 2487 696 2555 de
712 2491 895 2556 Vitaserm.
911 2495 943 2566 9.
963 2497 1014 2555 11.
1033 2490 1212 2554 Daumium
1225 2485 1266 2549 de

214 2577 343 2641 Caussis
367 2580 477 2642 amisa.
501 2577 555 2640 lat.
580 2578 672 2662 ling..
687 2576 838 2641 radicum
863 2600 897 2664 p.
918 2581 991 2641 150.
1014 2569 1266 2640 Schurzfleisch.

215 2660 256 2725 ad
280 2662 389 2739 Tacit.
409 2663 447 2736 de
464 2662 555 2726 Orat.
575 2684 608 2750 p.
626 2665 696 2726 128.
722 2664 873 2726 Gronov.
896 2660 936 2728 ad
951 2662 1022 2728 Liv.
1039 2667 1099 2740 37,
1115 2665 1170 2726 57.
1190 2657 1268 2722 Cel-

134 2781 139 2792 ·
213 2745 275 2809 lar.
288 2747 393 2811 Curae
409 2749 495 2810 Post.
509 2770 543 2834 p.
559 2752 633 2811 370.
654 2746 816 2812 Borriehii
833 2745 1045 2836 Append·{ad
1062 2749 1164 2813 Cures
1180 2753 1266 2830 post.

214 2853 248 2917 p.
265 2835 317 2896 85.
344 2831 523 2897 Ruhnken.
545 2832 585 2896 ad
606 2833 721 2896 Vellei.
748 2834 816 2896 Pat.
843 2839 879 2915 1,
895 2839 934 2914 9,
954 2838 985 2898 3.
1011 2833 1194 2898 Burmann.
1223 2829 1266 2894 ad

215 2915 312 2981 Ovid.
322 2919 401 2984 Met.
412 2923 523 3000 11,71.
539 2929 571 2982 et
587 2917 626 2982 ad
637 2917 750 2982 Vellei.
767 2919 875 2991 Pate,
886 2922 938 2985 53.
953 2930 985 2984 et
1001 2919 1042 2984 ad
1062 2926 1091 2995 1,
1109 2924 1161 2985 13.
1177 2915 1267 2984 etad

215 3002 534 3086 Qui1a,it.2‚10‚4.
560 3014 593 3069 et
617 3005 656 3070 ad
682 3004 851 3080 Claudiae.
867 3005 923 3069 IV.
952 3005 1054 3078 Ceus.
1080 3006 1168 3070 Hon.
1192 3007 1268 3068 412.

119 3131 121 3138 ,
215 3089 469 3176 Significationis
485 3090 574 3156 nulla
590 3101 639 3156 est
655 3089 842 3156 difficultas.
887 3089 951 3156 Sed
973 3093 1099 3178 antiqui
1121 3093 1270 3178 scripto-

115 3201 118 3210 ’
214 3197 267 3240 res
286 3179 500 3265 elegantiores
527 3177 684 3242 dixerunt
707 3188 860 3252 tantam,
883 3187 1057 3264 qnantum.
1101 3177 1211 3242 Livius
1234 3183 1270 3238 et

214 3274 332 3348 poetae
351 3264 497 3348 augustei
514 3264 584 3328 aevi
604 3263 642 3327 in
657 3262 871 3342 addiderunt,
895 3283 1018 3350 eosque
1039 3264 1169 3349 sequuti
1190 3268 1270 3328 sunt

142 3414 147 3419 ,
213 3349 412 3414 recentiores
430 3347 574 3434 plurimi.
617 3348 722 3412 Cerdo
737 3348 777 3411 nd
791 3344 915 3435 -Virgit
933 3350 1013 3412 Aen.
1037 3353 1075 3429 6,
1093 3353 1165 3414 177.
1188 3371 1270 3414 nar-

214 3443 268 3498 rat
282 3433 461 3499 nonnullos
475 3433 687 3498 scribendum
705 3433 869 3497 censuisse
885 3453 952 3498 uno
966 3434 1068 3502 verbo
1083 3433 1272 3500 intantum.

217 3519 283 3585 Sed
300 3521 372 3586 vide
388 3519 569 3584 Burmann.
587 3519 627 3584 ed
645 3519 760 3585 Vellei.
777 3521 813 3584 P.
825 3524 857 3601 2,
874 3521 938 3618 53..

320 3638 380 3696 Lir.
393 3640 446 3705 22,
459 3637 510 3703 27,
526 3635 552 3692 4.
578 3639 605 3692 in
626 3646 731 3717 tontum
752 3658 828 3694 enam
844 3643 1001 3708 felicitatem
1023 3642 1192 3710 virtatsmpae
1211 3639 1270 3693 erri-

233 3800 237 3804 .
283 3722 370 3778 taine.
403 3723 447 3778 lbi
467 3730 560 3784 tamen
573 3741 643 3776 nnus
660 3725 718 3778 cod.
737 3726 823 3779 lovel.
840 3727 877 3794 ia]
891 3726 1002 3780 omittit.
1036 3726 1135 3796 Via-gil.
1156 3728 1222 3780 Aea.
1239 3725 1269 3790 3,

282 3805 408 3862 87111113
428 3827 496 3880 puer
516 3811 597 3863 iliaco
615 3811 749 3880 quiequam
767 3813 799 3864 de
820 3819 899 3881 gente
920 3813 1027 3864 Lntoos
1049 3813 1078 3864 in
1100 3819 1203 3865 tontum
1221 3828 1271 3880 epe
1373 3845 1374 3850 =

284 3895 353 3948 tollet
369 3911 437 3946 ocor.
471 3895 566 3948 lustin.
580 3893 623 3960 41,
642 3895 723 3960 1,11.
740 3893 783 3961 43,
800 3894 827 3962 3,
843 3895 886 3948 13.
903 3895 975 3949 Ptin.
989 3893 1062 3949 Hist.
1078 3913 1105 3948 n.
1121 3895 1148 3960 Β,
1164 3896 1208 3960 le,
1222 3895 1269 3948 21.
1373 3895 1374 3898 ’

283 3980 349 4033 orote
363 3979 433 4032 credi
446 3980 555 4034 libertae
572 3981 610 4045 ei,
627 3981 670 4032 eui
683 3973 824 4033 intentam
838 3981 951 4034 cessisset
966 3981 1046 4034 ctiam
1056 3981 1166 4048 feritas.
1182 3978 1208 4047 2,
1222 3979 1268 4044 30,

282 4065 333 4120 31.’
344 4063 434 4118 Tacit.
450 4065 544 4118 Germ.
558 4063 601 4118 45.
628 4063 724 4117 Seneo.
743 4065 854 4140 Quaest.
867 4069 923 4119 not.
939 4063 973 4129 3,
986 4063 1038 4130 24,
1052 4065 1077 4116 1.
1094 4069 1174 4132 quere
1187 4081 1269 4134 quoe·

285 4153 447 4220 dompnus
461 4150 583 4219 caleam,
600 4151 729 4220 praedm
745 4152 824 4206 ettam
835 4148 961 4222 sesemet
984 4152 1014 4206 to
1027 4157 1148 4216 natum,
1165 4155 1195 4204 nt
1214 4167 1269 4203 oon

1372 430 1373 477 t

1371 522 1373 581 t
