2738 4730
512 331 514 338 Ι
544 242 679 310 ΙΜΜΟ.
817 215 822 226 “
1011 327 1041 350 s,
1080 251 1145 344 225

91 403 134 466 Ac
149 399 304 480 mcliores
319 399 496 488 scriptores
519 398 618 464 etiam
637 395 831 485 posterioris
855 400 1019 488 temporis
1035 401 1141 470 immo

92 487 259 566 dicebaut,
294 497 330 550 ut
353 487 535 551 raiicientes
558 507 612 562 ec,
644 504 724 570 quae
746 482 850 548 modo
873 483 1143 571 prouuuiiarunt,

89 575 213 638 maiora
240 571 290 636 vel
321 577 470 660 graviora
503 569 756 653 substituereutz
785 569 840 634 alii
866 580 989 638 tomen⁴
1007 574 1143 661 quidam

90 681 151 746 pro
169 657 258 724 adeo
276 667 307 721 et
326 658 378 723 ael
386 657 506 744 potius
522 656 738 744 usurpabant.

199 777 303 831 Afferri
326 781 419 846 posset
441 775 635 829 documentum
655 775 745 828 Plaut.
769 774 851 844 Epid.
872 774 909 840 3,
927 773 961 840 d,
976 773 1020 829 tt.
1051 777 1087 832 Al
1100 777 1144 833 ttlt

155 879 250 920 versus
273 880 327 916 uon
343 863 474 930 leguntur
493 859 522 914 in
545 861 663 928 antiquis
681 857 830 912 codicibus.
865 861 959 928 Quare
982 859 1143 918 criticorum

157 949 347 1002 desideramus
362 961 481 1014 operam.
516 945 574 998 cie.
591 963 618 1014 p.
635 945 716 998 Caco.
732 943 760 1009 i,
778 943 820 1004 18.
838 945 927 1014 itaque
940 947 1015 999 lamo
1034 933 1144 1002 timidas

155 1035 343 1102 imperitasque
360 1057 396 1070 ·-
412 1047 465 1082 aaa
477 1032 584 1099 putavit
608 1048 661 1084 csse
676 1031 749 1084 tanti
771 1031 959 1094 heraditum,
974 1037 1005 1084 at
1026 1033 1059 1084 de
1082 1033 1146 1085 siai-

153 1125 210 1170 tate
224 1119 251 1168 in
267 1116 373 1170 duliam
387 1114 499 1168 amirei.-
518 1115 654 1180 coacessit,
676 1116 769 1179 eredo,
785 1115 909 1179 Aebutio,
930 1121 1055 1183 quantam
1068 1117 1145 1172 vellat

156 1203 190 1254 dc
206 1201 362 1254 Caesenniae
379 1199 450 1251 iocis
465 1205 493 1250 ut
507 1199 620 1251 liaberet.
652 1199 750 1262 Immo,
771 1207 800 1252 nt
823 1201 878 1250 circ
893 1199 963 1265 sorti
983 1216 1014 1251 cc
1034 1201 1145 1268 capienti

156 1285 270 1354 dignam
283 1285 354 1352 snit,
373 1285 412 1336 ita
435 1283 592 1334 columniam
617 1283 804 1352 stultitiamque
834 1283 940 1335 attrivit
961 1300 994 1335 aa
1018 1287 1144 1342 contudit.

155 1367 303 1422 Schitnius
325 1367 461 1433 rationem
482 1367 552 1420 benc
580 1373 774 1434 parmaneant,
808 1383 895 1436 quum
921 1365 1145 1438 interrogationis

154 1453 266 1523 siguum
281 1459 395 1522 poneret
411 1457 474 1520 post
491 1453 604 1505 lateret.
1019 1455 1021 1460 “

203 1557 259 1610 Sed
275 1571 324 1610 sus
340 1571 417 1612 more
434 1553 492 1606 Cic.
506 1570 531 1622 p.
549 1554 656 1607 cluent
672 1552 717 1618 29,
733 1553 776 1608 80.
793 1563 821 1609 at
837 1562 895 1608 tam
910 1555 935 1607 si
949 1556 1075 1622 dicerem,
1093 1575 1145 1612 coo

154 1643 274 1706 audirer,
292 1659 342 1694 noa
355 1642 424 1709 qaod
439 1641 547 1692 uliares
561 1645 629 1692 esset.
666 1639 747 1692 immo
763 1641 872 1705 eadem,
892 1640 935 1692 sed
948 1647 1047 1710 tempas
1061 1644 1144 1697 alind·

156 1724 208 1780 int.
223 1734 289 1780 erat.
324 1725 359 1780 ad
373 1726 428 1780 Ati.
444 1725 471 1790 2,
487 1723 513 1777 4.
532 1723 631 1776 interea
646 1723 750 1790 quidem
767 1739 824 1774 cum
842 1724 923 1776 Musis
938 1741 986 1777 nos
1001 1726 1145 1780 delcetadi-
1187 1765 1189 1772 r

153 1829 214 1866 mets
234 1815 323 1865 anima
345 1830 435 1880 aequo.
470 1811 552 1862 Immo
574 1825 635 1861 aero
655 1808 736 1860 etiam
757 1808 887 1876 gaudenti
909 1825 941 1860 ac
958 1809 1057 1861 libenti.
1084 1811 1103 1864 i.
1119 1829 1145 1864 a.

155 1896 224 1964 quid
246 1896 352 1963 dicam,
383 1894 473 1948 animo
504 1892 612 1962 aequo?
653 1891 741 1942 numo
770 1903 838 1942 vero
869 1896 920 1946 etc.
963 1891 1060 1946 cicero
1090 1912 1145 1952 nou
1221 1929 1224 1941 ι
1294 1901 1297 1909 “

157 1981 293 2033 dixisset:
312 1997 362 2032 uos
378 1979 468 2032 animo
484 1993 589 2046 aequo,
612 1976 697 2042 Immo
714 1974 846 2044 gaudenti
863 1973 1070 2033 delectabimus.

206 2081 267 2135 Lis.
289 2081 332 2148 38,
350 2079 393 2147 43,
412 2080 438 2134 6.
463 2082 602 2134 simulacra
626 2080 719 2142 deam,
736 2080 795 2132 deos
817 2080 896 2136 immo
910 2080 994 2150 ipsos,
1011 2085 1145 2140 conanime

98 2185 100 2189 ·
159 2183 193 2221 ea
216 2169 318 2220 sedilus
346 2169 416 2232 sais,
450 2167 549 2244 allatos
572 2179 633 2216 csse.
667 2161 718 2228 41,
735 2163 785 2228 23,
810 2162 854 2216 13.
887 2181 985 2236 caspe
1014 2169 1145 2238 depalans,

157 2260 324 2306 nontamen
346 2254 404 2306 delli
427 2249 531 2304 masilia
555 2249 659 2301 ammiti
677 2249 773 2314 immo,
794 2250 817 2301 si
837 2251 1030 2304 convolamus
1053 2252 1147 2319 dicere,
1213 2286 1214 2290 =

67 2387 71 2390 .
133 2339 217 2392 ‘iam
235 2337 367 2392 inchoavit
388 2335 489 2387 tellum.
532 2331 565 2385 lu
589 2331 639 2398 his,
659 2328 743 2383 etiam
765 2333 899 2387 correctio
925 2339 981 2400 est,
1009 2336 1144 2406 quidquid

157 2421 231 2476 dicit
246 2419 406 2476 Borrichius
425 2415 455 2472 in
468 2417 591 2488 Append.
606 2417 641 2470 ad
656 2415 770 2469 cetarii
782 2418 874 2470 'Curas
891 2434 918 2484 p·
934 2417 977 2472 Sd.
1174 2404 1177 2422 ¹

207 2519 405 2595 Quintil.·6‚2,
423 2521 466 2575 lo.
498 2522 527 2574 ia
549 2521 647 2575 caussis
669 2537 730 2572 cero
755 2521 835 2572 etiam
854 2521 975 2589 pluribus
999 2530 1147 2593 cessantur,

155 2610 240 2665 immo
254 2609 394 2660 secuudum
408 2609 545 2676 quandam
558 2607 715 2661 intellectam
729 2605 759 2656 ia
774 2603 899 2656 omnibns.
931 2604 964 2672 2,
988 2607 1021 2673 2,
1044 2607 1070 2663 8.
1094 2611 1149 2681 ipre
1217 2672 1218 2676 Ἰ
1277 2623 1283 2632 ‘

155 2693 276 2761 aliquid,
295 2693 373 2744 immo
389 2694 474 2746 malta
492 2694 607 2761 qnotidie
622 2692 702 2744 dieat.
736 2687 808 2742 Ptin.
823 2690 893 2744 -Pau-
906 2688 950 2757 85,
962 2689 989 2745 5.
1008 2694 1054 2762 qai
1067 2711 1148 2765 mpe-

154 2777 332 2847 siniscalus,
352 2779 483 2832 descendis
499 2779 527 2830 ic
542 2777 630 2830 omnic
640 2775 841 2840 familiaritatis
857 2777 964 2842 officia,
982 2785 1008 2830 at
1029 2779 1059 2830 ia
1078 2781 1148 2832 ami·

154 2881 218 2918 cam
238 2881 270 2916 es
291 2864 445 2930 imperatore
476 2862 649 2916 submitteris:
674 2861 753 2912 immo
775 2867 835 2912 tuac
857 2862 969 2914 maxima
996 2863 1148 2932 imperator,

95 2989 99 2994 .
153 2965 240 3018 qaam
256 2946 368 2998 amioum
384 2946 582 3015 eaimperatcrc
597 2945 667 3016 agis.
703 2942 815 2998 curtius
829 2939 918 3008 4,,1,
938 2944 981 2998 22.
1005 2963 1068 3000 cane
1083 2947 1149 3000 oili·
1187 2972 1190 2987 ι
1236 2935 1242 2944 ’

152 3031 270 3098 ducaris
284 3030 360 3084 isaim
375 3038 470 3094 status,
483 3030 511 3082 in
525 3049 575 3099 qao
588 3029 684 3099 accipis
698 3045 820 3098 regam,
835 3029 912 3081 immo
927 3029 1030 3082 micale
1040 3039 1149 3100 propter

151 3133 243 3188 quem·
279 3114 353 3169 Pliu.
369 3113 443 3167 llist.
457 3120 513 3168 nat.
527 3113 571 3181 34,
588 3115 614 3180 1,
631 3115 656 3165 l.
665 3114 794 3186 ,proxima
808 3112 931 3165 dicantus·
945 3113 1012 3164 aeris
1026 3115 1145 3180 metalla,

152 3205 200 3258 cui
215 3209 245 3258 et
260 3200 287 3253 ia
302 3217 352 3252 asa
364 3200 513 3269 proximam
533 3209 571 3254 est
588 3200 720 3270 pretinm,
741 3199 820 3250 immo
841 3213 903 3250 aero
925 3203 985 3248 acte
1007 3206 1147 3267 argeutum

155 3307 191 3344 ac
207 3285 371 3359 peucetiam
386 3291 449 3337 nate
464 3301 576 3350 cusam,
595 3283 726 3336 corinthio.
763 3280 879 3349 Quintil.
901 3280 944 3344 11,
965 3279 991 3345 2,
1008 3279 1052 3334 52.
1080 3284 1149 3336 aiiii

152 3387 270 3428 caussae
286 3376 340 3434 ast,
357 3384 403 3422 eus·
417 3386 471 3422 noo
487 3369 563 3422 illam
584 3369 653 3422 cocis
674 3367 875 3426 modulationem
889 3365 991 3434 fidibus
1015 3384 1048 3419 ac
1069 3367 1148 3434 titiis,

150 3459 239 3512 immo
256 3455 357 3519 lescle,
379 3453 446 3522 qaod
460 3454 568 3506 estlaic
590 3451 751 3520 deformitati
770 3451 895 3519 propias,
923 3451 1047 3518 cymbalis
1070 3453 1148 3504 adiu-

152 3557 261 3598 vemus.
295 3537 339 3592 Ita
355 3553 435 3590 nemo
448 3537 633 3606 antiquiorum
646 3536 773 3602 loquutus
790 3541 839 3588 est.
873 3533 945 3588 Plio.
967 3533 1034 3587 Pan.
1054 3533 1098 3601 65,
1119 3535 1146 3592 3.

154 3629 205 3697 qai
220 3625 346 3695 pauculis
361 3624 452 3676 dicim
464 3631 569 3692 gestam
585 3619 762 3685 consolatam,
779 3619 858 3674 immo
880 3635 935 3672 aaa
956 3629 1058 3690 geatam
1068 3623 1150 3681 adii·

155 3715 269 3768 cistam
281 3704 466 3778 per'edietam.
1028 3693 1030 3704 ¹

193 3814 370 3869 Adscensum
383 3810 412 3863 iu
430 3827 459 3864 se
472 3810 577 3863 habent
590 3809 675 3862 hacc:
702 3804 773 3859 Ptin.
787 3806 856 3860 Pau.
871 3805 915 3871 28,
931 3805 958 3859 2.
975 3809 1043 3876 qaod
1062 3825 1151 3862 occar-

154 3900 283 3956 santicm
299 3897 413 3966 popalus
431 3903 458 3950 tc
476 3911 590 3964 quoquc,
613 3902 639 3948 te
660 3893 741 3946 immo
762 3892 875 3944 maxime
895 3893 1019 3947 adstaret.
1052 3891 1103 3957 44,
1121 3891 1150 3948 2.

155 4002 227 4040 mam
242 3982 351 4052 privato
365 3981 460 4034 indicio
472 3981 616 4051 prinoipem
637 3977 724 4046 gerite
750 3976 879 4028 meliorem
892 3977 971 4030 immo
985 3984 1011 4030 te
1022 3984 1156 4046 praestas,
1247 4015 1250 4020 .

156 4085 246 4142 qaam
263 4066 316 4122 titi
329 4067 410 4122 aliam
425 4067 577 4140 metatam·
610 4058 661 4130 56,
675 4059 703 4115 2.
720 4059 817 4118 Senes.
831 4059 919 4129 Epist.
937 4058 1030 4129 58,1·
1053 4065 1152 4128 quanta

174 4151 241 4221 111.
652 4251 657 4264 ,
823 4144 865 4211 15
914 4237 917 4242 Ι
