2592 4720
213 305 276 405 esp
548 265 678 368 uine.
720 299 912 370 urxrua.
1020 247 1028 254 ’

317 453 397 510 osu.
412 451 480 508 uer.
494 452 522 522 a,
536 451 597 508 aar.
619 454 726 523 aava
748 455 855 510 naeu
870 458 954 508 aare
968 437 1069 508 rbem
1092 454 1204 526 magu
1223 473 1263 510 a·

278 557 332 595 sva.
366 537 507 608 coniunge
525 539 594 593 nale
609 539 676 592 elta
710 537 807 592 Scaea.
823 538 938 608 nysa
951 537 979 591 8.
995 538 1055 606 qaia
1069 542 1150 594 note
1166 542 1262 594 daran

283 625 396 676 Tantalo
409 625 476 676 abac
490 623 577 676 domos
591 621 699 676 uestit
711 621 827 676 itm?
858 621 986 692 manige
999 625 1073 682 tuate
1084 625 1164 676 etiae
1178 627 1260 677 tna.

276 705 307 762 lt·
327 723 352 759 e.
367 705 396 758 in
410 705 469 758 eins
487 704 646 774 perniciem.
678 703 748 772 Nam
766 707 836 760 abac
855 722 905 774 pro
929 707 999 758 aare
1016 722 1032 758 e
1055 707 1212 760 florentino
1231 707 1259 758 u-

276 790 329 844 bru
345 787 463 850 mutate
478 788 604 844 Botbiua.
619 788 656 841 ei.
671 789 790 844 Gronov.
822 788 901 858 Apud
920 789 1076 842 Arnobiurn
1091 789 1122 844 4„
1141 809 1171 860 p.
1188 789 1258 845 ster

220 919 224 927 .
278 889 307 944 p.
324 870 369 928 Β.
386 871 1098 944 Btnmnmtegtmmteuaseumetmta.

293 999 326 1060 7.
348 993 485 1082 Reliqua
506 1016 600 1058 exem
625 993 657 1060 la
674 993 817 1061 adverbii
831 1015 906 1059 cum
928 993 1100 1060 adjectivis
1117 1015 1254 1079 compo·

210 1079 265 1144 siti
285 1078 325 1143 ad
342 1079 408 1144 duo
431 1100 550 1168 genera
567 1017 685 1146 relerri
709 1079 839 1144 debent.
881 1079 949 1144 atis
972 1079 1068 1143 ¹enim
1097 1081 1138 1146 in
1166 1101 1253 1142 unam

197 1161 380 1241 trictionem
408 1173 545 1242 coeunt,
571 1185 704 1250 unoque
727 1164 886 1228 vocabulo
916 1173 1082 1228 constant.
1135 1165 1252 1244 Quem-

210 1249 390 1314 admodum
405 1245 595 1336 mulefidua‚
620 1248 839 1314 malesuadus
854 1247 972 1335 (Plaut.
988 1250 1093 1314 Most.
1115 1253 1149 1328 1,
1165 1253 1195 1323 3,
1210 1251 1251 1312 56.

209 1335 324 1434 virgil.
349 1336 428 1398 Aen.
443 1339 474 1415 6,
493 1337 596 1412 ata),
627 1334 671 1398 ita
695 1335 793 1398 etiam
811 1331 1024 1413 maledicax,
1046 1353 1165 1418 quum
1184 1355 1250 1395 ma·

105 1495 109 1500 .
209 1418 354 1484 ledecere
370 1418 462 1482 sitin
477 1439 549 1482 usu.
590 1419 662 1482 Alia
681 1429 787 1484 autam
809 1418 950 1483 everbis
975 1417 1064 1482 facta
1086 1426 1250 1481 assumunt

211 1504 401 1580 adverbium
418 1513 558 1588 propter
571 1503 734 1568 verbalem
748 1505 930 1582 rationem,
946 1502 1047 1570 veluti
1064 1501 1165 1572 male
1179 1524 1249 1568 oca·

207 1589 299 1660 latus
323 1588 473 1674 (Suetou.
489 1587 530 1652 de
548 1585 687 1654 Rhetor.
702 1591 760 1668 5.).

309 1705 365 1760 cie.
382 1705 415 1758 da
429 1705 492 1759 Fin.
502 1705 529 1772 1,
543 1705 569 1770 3,
583 1704 609 1759 8.
627 1709 718 1762 redes
734 1725 763 1760 aa
774 1707 850 1760 eredo
864 1707 1018 1775 qnondam
1034 1723 1092 1759 aare
1109 1709 1207 1770 mure,
1223 1711 1247 1758 rt

272 1793 428 1845 abhorreant
445 1809 463 1844 a
479 1791 592 1855 tabu,
611 1792 680 1860 quod
696 1791 833 1844 inciderint
845 1789 872 1842 ia
886 1790 982 1840 incultu
997 1792 1136 1856 quaedam
1154 1801 1180 1844 et
1195 1793 1247 1844 tu-

274 1877 351 1939 rida,
369 1875 487 1926 demate
499 1874 604 1942 graecis
619 1875 702 1926 latiae
721 1877 817 1943 scripta
837 1875 959 1926 deterius.
993 1872 1038 1924 lta
1063 1881 1098 1927 ut
1115 1875 1245 1936 scribatur,

273 1956 458 2011 neceesarium
478 1954 633 2008 existimant
653 1956 743 2009 critici
763 1957 810 2010 vel
830 1963 940 2026 propter
962 1957 1194 2022 concinnitatem,
1209 1957 1246 2009 vel

272 2039 460 2110 ambiguitatis
487 2038 632 2092 evitandae
656 2055 760 2093 causae.
802 2041 906 2093 Vellem
927 2039 1181 2107 demonstratam,
1196 2043 1246 2110 quir

270 2123 430 2178 Latinorum
443 2139 572 2191 umquam
586 2123 687 2178 dixerit
701 2126 761 2179 beat
771 2142 904 2195 graecum
938 2123 1130 2182 &eumenus
1153 2133 1192 2181 ast
1205 2143 1245 2178 cu·

273 2208 366 2264 diuum
380 2207 514 2275 scriptura
531 2208 564 2262 da
577 2209 654 2264 nulia
667 2210 777 2280 graecia
989 2218 992 2224 '

564 2357 887 2464 ΜΑΧΙΜΕ.
951 2325 965 2406 3

288 2546 437 2612 Mamm
455 2546 521 2611 sive
539 2563 705 2623 uaxvqu,
725 2553 837 2608 ortum
854 2563 895 2606 ex
911 2544 1140 2630 magiarum,
1162 2567 1245 2610 sum-

203 2651 297 2696 mum
314 2633 476 2715 qualitatis
493 2631 629 2718 gradum
645 2627 824 2716 significate
844 2624 977 2709 μάλιστα,
994 2653 1056 2692 am
1073 2634 1245 2699 melaena

205 2715 357 2779 naeiaten.
404 2715 486 2778 Vsus
501 2727 611 2779 autem
628 2714 729 2778 ‘huius
745 2712 894 2778 vocabuli
916 2713 1039 2811 duplex
1067 2727 1129 2780 est.
1170 2719 1244 2780 Nam

203 2799 402 2887 praestantia
422 2810 476 2862 aut
498 2801 532 2864 iu
549 2801 628 2884 ipsis
645 2799 741 2864 rebus
757 2801 860 2879 inest,
882 2807 936 2861 aut
956 2819 995 2862 us
1020 2800 1184 2865 tribuitur
1203 2803 1246 2864 iu-

109 2961 110 2964 *
206 2885 309 2948 dicio:
332 2905 431 2970 quare
453 2885 640 2950 adverbium
665 2895 697 2948 et
720 2883 851 2948 additur
868 2883 1061 2948 nominibus
1087 2887 1246 2950 attributi·

201 2971 270 3046 vis,
297 2979 331 3034 ut
348 2970 538 3054 superlativi
555 2972 638 3034 ratio
655 2967 808 3048 exsistat,
833 2977 864 3032 et
888 2969 1023 3032 inservit
1047 2973 1244 3036 enuntiatio-

202 3056 298 3120 nibus
322 3067 417 3139 atque
433 3055 624 3122 notionibus
640 3053 871 3138 adiungendis,
897 3053 1031 3140 quibus,
1058 3057 1143 3139 quid
1164 3079 1245 3119 sum·
1292 3107 1293 3138 ἐ

202 3161 340 3226 mopere
358 3151 515 3224 praestet,
538 3152 592 3204 aut
612 3139 690 3224 quid
714 3159 792 3224 prae
817 3137 887 3202 aliis
911 3137 1008 3201 rebus
1030 3141 1244 3224 spectandum
1292 3149 1293 3152 ’

201 3226 260 3302 sit,
289 3223 481 3288 iudicamus.
524 3224 691 3290 Differunt
710 3233 819 3286 autem
836 3222 1025 3308 plurimum
1050 3235 1084 3286 et
1105 3226 1243 3310 potissi·

202 3331 304 3372 neum.
346 3307 429 3372 lllud
448 3311 535 3374 enim
558 3308 688 3388 definit,
710 3319 868 3393 quantum
893 3305 971 3392 quid
993 3311 1035 3372 sit
1061 3312 1157 3395 quod
1184 3312 1243 3398 agi·

201 3403 274 3473 tur,
297 3393 437 3477 ideoque
458 3393 690 3460 tantummodo
706 3414 780 3456 aum
804 3391 907 3456 verbis
926 3403 955 3454 et
970 3413 1060 3456 novo
1079 3400 1242 3460 recentio-

200 3499 274 3542 rum
292 3479 492 3564 scriptorum
510 3501 571 3543 usu
589 3499 663 3543 cum
680 3476 902 3541 numeralibus
926 3479 1164 3563 componitur:
1180 3504 1243 3567 pc-

202 3563 502 3628 tisaimumuutem
528 3565 589 3640 111,ι
617 3562 704 3650 quod
733 3561 877 3626 maxime
901 3573 1044 3645 praestat
1070 3575 1129 3627 aut
1154 3567 1242 3640 valet,

201 3648 335 3731 reliquis
362 3648 412 3712 vel
436 3649 575 3728 eaelueis
599 3649 650 3712 vel
673 3648 799 3712 reiectis
823 3647 993 3731 anteponit
1016 3659 1117 3732 atque
1146 3673 1242 3715 unum

200 3731 288 3818 eligit
304 3743 334 3796 et
351 3731 505 3820 praefert.
538 3735 589 3798 Cf.
606 3731 769 3796 Wolfium
786 3734 819 3804 in
837 3731 979 3796 Analect.
999 3755 1031 3817 p.
1047 3736 1127 3798 294.
1169 3737 1243 3798 Vul·
1289 3803 1290 3806 ,

201 3819 396 3904 garitamen
415 3839 475 3880 usu
492 3820 640 3882 maxime
655 3829 686 3882 et
703 3839 765 3904 pro
776 3815 991 3901 potissimum
1010 3827 1042 3880 et
1057 3841 1126 3906 pro
1139 3844 1243 3906 prue-

196 3903 294 3988 cipue
309 3912 341 3965 et
349 3903 556 3986 praesertim
572 3903 707 3990 ponitur
725 3901 920 3989 promiscue.

299 4021 357 4074 (lic.
374 4021 408 4073 de
425 4023 502 4075 Orat.
516 4023 541 4088 1,
556 4022 582 4087 8,
599 4022 643 4076 3⁰.
661 4023 725 4075 baec
750 4039 806 4074 aaa
828 4038 868 4074 rer
889 4022 917 4072 ia
938 4020 1010 4074 amai
1033 4020 1117 4074 libero
1141 4025 1243 4092 papate,

264 4106 421 4175 masiaeque
435 4108 464 4160 ia
481 4109 583 4178 paratis
603 4107 804 4176 cementaque
824 4105 970 4160 civitatibus
983 4107 1128 4175 praecipue
1147 4123 1242 4176 semper

1288 4193 1289 4243 l
