2738 4730
205 303 270 374 254
442 245 447 253 ⁴
665 265 766 364 tu.

232 473 234 478 ’
290 461 343 522 12.
379 451 530 548 Verbum
561 475 632 520 eoae
662 452 837 541 permultis
876 439 1075 520 diclionibus
1104 453 1267 526 formau-
1350 428 1352 439 ,

205 544 255 610 dis
275 539 467 622 adhibetur,
492 561 574 626 quae
589 562 767 628 personam
788 541 933 605 iudicant
956 541 1008 606 vel
1027 565 1114 622 rem,
1138 545 1184 608 iu·
1201 569 1263 634 qua
1352 591 1354 638 2

205 629 328 718 aliquid
345 627 431 692 insit.
458 625 694 712 ·lulelligimus
719 633 806 690 enim
834 626 883 692 vel
900 627 968 691 eius
994 629 1189 714 qualitatem
1215 636 1264 699 vel
1353 639 1354 663 1

230 719 444 802 rcprietatem
477 713 528 775 vel
561 713 839 798 qualemcumque
876 735 988 777 rerum
1024 715 1263 787 conditionem.

203 741 321 890 lleque
339 801 432 866 aliter
448 797 488 862 dc
503 799 587 863 vitae
605 799 708 864 modo
726 822 763 864 ac
779 801 910 867 ratione
933 811 965 865 et
988 799 1029 865 de
1047 807 1206 889 negotio,
1228 807 1264 892 iu

196 907 273 978 'quo
290 889 364 976 quis
380 894 539 951 versatur.
670 925 674 931 ·
1002 915 1003 920 ¹
1112 894 1117 899 ’

319 1025 384 1076 Eece
399 1023 427 1074 in
442 1023 531 1090 aliquo
545 1039 600 1074 nou
614 1026 720 1075 tuntum
736 1019 769 1073 de
788 1017 895 1074 iuterna
917 1019 1052 1091 qualitate
1075 1023 1194 1092 dicitur,
1217 1029 1262 1081 sed

276 1111 311 1164 de
334 1107 527 1178 qualicumque
551 1105 608 1159 ulia
626 1105 719 1159 etiam.
758 1107 801 1158 lta
817 1103 864 1172 fit,
883 1113 913 1161 ut
936 1115 1053 1176 ponatur
1079 1128 1129 1178 pro
1154 1113 1264 1168 allatius

273 1198 334 1252 aive
349 1194 429 1248 alicui
443 1210 503 1245 ecee.
536 1191 594 1242 Cic.
610 1209 634 1260 p.
652 1193 725 1244 Mur.
738 1189 783 1257 28,
796 1187 839 1245 58.
858 1201 918 1245 erat
932 1195 961 1244 iu
977 1212 1006 1246 ec
1023 1211 1126 1248 summu
1143 1199 1262 1266 eloquea-

273 1284 330 1346 tia‚
349 1279 536 1344 cummufidee.
571 1276 605 1328 de
622 1275 682 1328 Fin.
697 1275 725 1340 4,
740 1277 783 1341 ll,
800 1276 843 1331 31.
862 1279 974 1330 inomni
989 1281 1057 1331 enim
1075 1275 1212 1336 acimocte
1227 1293 1263 1339 eo

141 1419 144 1428 ,
271 1382 401 1421 commum
417 1363 519 1430 aliquid
534 1370 611 1430 atque
624 1361 751 1439 optimum'
757 1350 769 1427 ,1
786 1371 816 1416 ut
838 1364 867 1415 ic
884 1364 963 1432 equit.
996 1363 1072 1417 cart.
1084 1353 1115 1430 ¹3,
1131 1363 1158 1428 5,
1177 1367 1219 1422 13.
1239 1369 1262 1422 ei

197 1453 199 1460 ⁴
271 1450 334 1522 quid
350 1450 414 1515 artie
431 1448 460 1499 in
477 1449 583 1500 medicae
599 1448 645 1499 e'st.
679 1447 711 1498 ln
733 1447 824 1499 verbis
840 1448 896 1500 cic.
915 1449 950 1501 do
965 1450 1067 1514 0132,
1086 1448 1121 1515 6,
1136 1451 1188 1504 19.
1206 1458 1261 1508 ltm-

272 1555 358 1609 gnam
373 1535 425 1587 cim
441 1551 494 1586 esee
514 1533 542 1584 in
558 1537 673 1600 fortuna
689 1561 724 1571 -
743 1534 785 1585 vel
797 1533 929 1586 ‘secundus
954 1537 992 1588 ad
1014 1553 1054 1588 ree
1075 1537 1117 1588 cel
1140 1539 1263 1594 adversae

272 1623 329 1692 quie
345 1619 480 1690 ignorat?
515 1617 673 1670 Lactantius'
686 1616 713 1683 3,
727 1617 771 1682 29,
787 1615 813 1672 4.
832 1617 942 1686 scripsit
950 1624 1086 1687 fortunae.
1134 1654 1138 1662 =

310 1721 479 1778 Goerenziuo
494 1722 528 1775 ad
546 1722 603 1776 Cic.
618 1722 700 1775 Acad.
714 1721 747 1786 1,
763 1721 797 1785 9,
808 1719 852 1774 33.
877 1728 986 1787 monet,
1005 1741 1059 1776 eoae
1076 1726 1106 1776 in
1124 1727 1217 1795 aliqua
1232 1746 1260 1782 re

237 1869 240 1878 q
273 1801 329 1866 dici
342 1826 395 1862 nou
412 1825 491 1876 posse
505 1806 558 1858 nisi
574 1824 627 1860 eece
648 1823 698 1874 pro
716 1808 800 1858 locum
823 1808 916 1860 lecim
936 1807 1103 1877 accipiatur:
1123 1813 1194 1878 quod
1217 1832 1259 1866 oe-

271 1914 320 1950 cue
333 1894 368 1948 eit
381 1893 410 1946 iu
425 1890 517 1944 verbis
533 1891 611 1943 ineeee
624 1893 651 1944 ic
672 1892 768 1959 aliquo.
803 1893 887 1944 llaec
902 1899 951 1947 aut
968 1911 1021 1946 non
1041 1894 1106 1948 eatis
1125 1896 1261 1968 intelligo,

272 1972 321 2037 aut
334 1995 351 2032 a
365 1977 433 2030 ‘viro
450 1974 605 2029 doctissimo
627 1977 729 2046 scriptu
753 1977 811 2029 eise
831 1977 926 2031 miror.
961 1979 1064 2046 Quidni
1087 1981 1162 2034 euim
1186 1992 1260 2038 reete

1350 894 1355 988 l

270 2066 393 2119 dicamus
404 2063 434 2114 ia
448 2063 510 2114 urbe
526 2079 578 2114 ecee
592 2067 620 2118 et
635 2062 735 2135 inquere
748 2063 832 2114 alieno
848 2061 922 2116 esec?
957 2062 1014 2116 Nee
1031 2065 1128 2133 video,
1148 2086 1198 2122 cur
1214 2071 1259 2124 ci-
1347 2054 1350 2063 1

269 2167 335 2205 cero
351 2151 509 2215 nonpeeset
525 2145 619 2198 dicere
634 2145 718 2202 dead.
733 2148 760 2212 1,
776 2145 802 2213 9,
816 2145 860 2199 33.
878 2141 944 2217 quae
958 2149 1092 2219 (specics)
1110 2155 1191 2208 Plato
1204 2165 1259 2212 erut

268 2235 452 2304 amplexatus,
468 2239 498 2286 ot
515 2233 544 2285 ia
558 2233 605 2290 ltie,
613 2233 738 2300 quiddam
754 2234 871 2286 divinum
888 2233 967 2287 ineeee
984 2237 1089 2290 diceret.
1108 2256 1194 2308 quum
1218 2243 1259 2296 di-

268 2323 355 2398 aiseot
370 2318 404 2372 do
424 2319 499 2396 Orat.
516 2317 542 2382 3,
557 2316 601 2384 35,
618 2314 678 2370 143.
696 2319 762 2387 quod
783 2319 812 2371 in
828 2325 933 2371 oratore
943 2325 1059 2388 perfecto
1076 2326 1141 2378 inest
1155 2328 1260 2384 illorum
1351 2353 1352 2368 t

201 2448 205 2473 ,
271 2407 355 2460 omnis
370 2405 488 2457 scientia.
510 2409 538 2456 et
552 2403 716 2488 multe'alia
729 2402 812 2469 huius
834 2403 954 2472 generie-
988 2407 1041 2460 Vbi
1058 2426 1128 2462 vero
1148 2412 1258 2468 intelli-

269 2493 315 2562 gi·
333 2489 439 2559 aliquid
461 2487 488 2540 in
509 2489 603 2556 aliqua
617 2506 655 2545 ,rc
672 2495 847 2556 contentum,
865 2487 998 2543 inclusum
1009 2503 1197 2567 „receptum
1216 2501 1259 2556 in-

267 2583 378 2638 natum,
396 2572 538 2641 duplicare
557 2573 640 2624 debes
655 2573 894 2640 praepositionem.

303 2677 417 2740 Cicero,
434 2675 551 2737 (laeter,
572 2673 676 2741 aliique
699 2677 781 2730 huius
805 2679 903 2732 aetalia
920 2680 1012 2734 dicere
1031 2683 1157 2740 solebant
1177 2689 1275 2744 inem.

233 2759 238 2780 '
269 2765 298 2815 io
312 2761 402 2828 alique
417 2777 460 2811 re:
479 2758 642 2826 posteriores
661 2762 744 2814 inesse
755 2764 835 2814 alicui
849 2765 895 2815 rei.
927 2767 971 2818 vd.
989 2769 1135 2823 Heindorf.
1150 2781 1179 2826 et
1195 2775 1261 2828 Mo-

269 2863 348 2900 oerue
364 2844 397 2898 ad
417 2843 474 2896 (lic.
491 2843 525 2895 de
541 2843 603 2896 Nat.
618 2844 645 2895 d.
661 2844 687 2908 1,
705 2843 824 2909 43129.
843 2847 999 2903 Geruherd.
1014 2853 1048 2906 ad
1068 2855 1124 2908 cto.
1142 2857 1177 2909 de
1194 2860 1258 2914 Seu.

266 2931 297 2996 2,
310 2927 337 2982 4.
372 2929 465 2995 Quare
480 2935 556 2982 reete
572 2927 750 2982 restituerunt
766 2930 907 2998 antiquam
924 2937 1087 3006 scripturam
1104 2941 1133 2994 iu
1148 2943 1207 2997 Cio.
1223 2947 1259 3013 dp

250 3017 324 3071 *hm
339 3015 365 3079 1,
383 3013 409 3080 2,
424 3013 448 3067 2.
467 3013 545 3066 etde
562 3013 668 3067 Seneot.
684 3015 710 3078 2,
729 3012 754 3066 4.
765 3009 767 3014 ’
780 3024 853 3075 tacta
871 3027 909 3072 eet
929 3025 1057 3076 stultitiae
1074 3026 1258 3084 incorutcate‘o.

211 3133 231 3148 a
266 3101 398 3156 Eiusdem
414 3097 523 3170 generis
538 3117 598 3153 eece
615 3100 732 3154 verbum
748 3097 871 3179 iocatum
888 3103 982 3179 critici
994 3110 1168 3174 contendunt.
1202 3113 1258 3168 Sed

266 3187 366 3240 (liceto
388 3185 473 3238 etiam
492 3185 526 3238 de
549 3183 610 3238 uin.
623 3184 659 3251 2,
672 3184 723 3252 31,
739 3185 781 3240 99.
804 3189 923 3242 innatam
944 3209 997 3246 eece
1018 3194 1118 3247 tomice·
1136 3201 1258 3267 proditu-

261 3278 317 3326 tem
330 3271 488 3340 gratuitam.

299 3375 362 3424 Eece
377 3373 407 3424 in
422 3369 546 3439 ompiciie
562 3387 612 3438 pro
631 3373 721 3426 udeeee
735 3373 850 3429 offendit
865 3377 973 3433 Maium
994 3379 1023 3434 iu
1041 3381 1099 3436 Cic.
1117 3383 1151 3436 de
1170 3387 1214 3440 Re
1230 3405 1258 3456 p.
1353 3373 1354 3422 1

212 3505 214 3520 ,
263 3455 338 3520 2,9.
364 3457 409 3529 qui
428 3457 479 3507 eibi
493 3464 572 3510 esseio
589 3459 618 3509 io
640 3460 771 3528 auspiciis.
807 3460 861 3512 Sed
878 3463 1012 3518 Moseruo'
1027 3471 1199 3536 comparavit
1222 3474 1257 3526 de

193 3559 196 3567 ’
265 3540 329 3596 Diu.
343 3539 378 3605 2,
394 3539 443 3606 34,
461 3539 505 3596 tl.
529 3547 557 3594 te
579 3544 644 3595 mitt
664 3545 693 3595 io
715 3547 828 3615 auspicio
849 3563 901 3600 ecee
922 3551 988 3601 colo.
1023 3553 1160 3622 interesse,
1182 3559 1257 3626 quod

264 3643 328 3678 cum
345 3625 436 3678 dativo
451 3627 638 3694 componitur,
655 3628 739 3682 etiam
756 3629 930 3698 insequitur.
966 3633 1024 3686 Cic.
1049 3655 1077 3705 p.
1092 3641 1177 3695 Roec.
1192 3645 1256 3696 Am.

265 3711 312 3776 38,
328 3710 389 3762 111.
406 3713 497 3780 quidue
516 3715 544 3765 io
558 3715 634 3767 relus
651 3715 703 3784 ipsi
717 3717 840 3770 interesse
857 3735 910 3768 nou
920 3736 1065 3787 poscumus.
1101 3724 1135 3776 de
1149 3727 1210 3780 lnv.
1228 3729 1256 3794 1,

264 3795 309 3862 uu,
321 3793 366 3848 63.
385 3797 506 3871 iuteresse
518 3799 550 3852 io.
565 3801 643 3853 coede
655 3817 707 3851 cca
720 3801 809 3870 potue?
837 3798 892 3852 Sed
906 3803 978 3869 quod
994 3811 1160 3874 praeeeee'ad
1177 3831 1257 3866 eam-

264 3880 327 3934 dem
345 3879 480 3933 raticnem
500 3881 640 3948 referunt,
659 3885 733 3936 male
754 3901 785 3938 oe
798 3886 892 3940 habet.
929 3891 964 3943 ct.
984 3892 1175 3950 Drakenu..au
1192 3899 1256 3952 hiv-

264 3963 316 4028 22,
336 3963 388 4031 15,
410 3964 453 4018 15.
488 3969 559 4021 Nam
575 3967 604 4020 iu
619 3967 732 4040 Salluet.
750 3972 811 4026 Cat.
824 3971 875 4040 42,
891 3974 917 4028 3.
935 3976 1038 4046 legitur
1055 3980 1080 4031 ei
1092 3984 1255 4050 prouinciae,

264 4055 294 4104 ol
306 4051 377 4119 eliud
395 4051 455 4104 Liv.
469 4050 513 4124 48,
528 4052 571 4119 18,
587 4052 615 4106 i.
629 4060 661 4106 ut
674 4055 706 4106 iio
719 4066 873 4134 praeessent,
890 4076 945 4112 nou
958 4062 985 4112 ic
1000 4061 1041 4126 tie,
1062 4071 1091 4118 et
1105 4064 1152 4133 37,
1166 4068 1212 4134 41,
1226 4069 1254 4124 l.

203 4129 204 4134 '
263 4137 309 4204 qui
322 4136 352 4192 ic
365 4136 468 4198 Brutine
479 4145 621 4210 peccaut,
640 4140 848 4198 memorandum
865 4143 1054 4203 cratinae.
