2712 4738
231 291 271 355 14
607 281 704 346 fluv.
745 281 873 348 HAVD.

180 489 183 499 ,
330 441 439 494 suetan
454 435 519 491 Ner.
531 434 575 490 411.
593 441 910 505 ammqaaamtempare
921 433 1099 504 intumultuose
1111 438 1253 492 sammaa-

297 525 406 578 sioriius
426 523 649 576 tranantem
662 517 813 584 matr,
831 526 861 572 ut
876 519 976 574 naun
988 521 1039 585 ¹iias
1057 521 1100 590 aui
1111 523 1253 585 Menam,

296 609 446 662 rainardum
696 627 709 648 ·
751 627 754 632 ·

314 714 374 774 12..
398 707 498 770 Sicuti
510 703 665 795 frustra,
679 701 776 792 falso
800 702 924 789 aliaque
946 705 1103 770 vocabula
1125 705 1253 794 eliipsin

233 796 424 866 admittunt,
447 813 508 882 qua
531 794 600 877 ipsa
623 800 726 853 totam
749 790 942 852 sententiam
963 791 1183 870 constituunt,
1209 792 1253 853 ita

232 881 329 942 ctiam
350 887 426 964 post
453 878 612 940 terratenus
638 873 829 960 intelligitur
857 873 994 939 verbum
1017 875 1170 962 loquutus
1192 887 1250 951 cst,

232 965 297 1029 sive
314 961 400 1028 aliud
416 974 537 1024 namen
554 958 701 1024 actionis.

332 1081 390 1135 Cic.
405 1079 438 1132 da
451 1079 511 1132 Diu.
524 1079 550 1142 2,
565 1075 608 1130 24.
630 1079 674 1130 secl
694 1078 755 1129 haec
778 1075 903 1127 tractatur.
938 1073 1012 1126 Nunc
1034 1077 1071 1128 aa
1091 1083 1188 1131 caturia
1209 1095 1254 1131 ue-

296 1167 407 1219 niamus.
441 1162 475 1214 ad
492 1163 545 1214 Att.
561 1160 587 1225 5,
602 1159 644 1213 13.
662 1161 704 1213 seri
727 1161 863 1224 hactenus,
887 1160 1034 1227 praesertim
1047 1177 1124 1228 aarum
1143 1163 1254 1215 umenti

296 1250 361 1303 ntus·
381 1245 513 1298 nuntiaret
538 1245 667 1309 caestius,
693 1261 718 1296 se
739 1245 771 1296 cie
791 1248 861 1295 noue
880 1243 1012 1311 proficisci.
1041 1241 1110 1296 Ptin.
1131 1246 1203 1299 nist.
1225 1263 1253 1298 n.

296 1325 459 1395 1152114.
481 1329 604 1380 hactenus
618 1329 729 1396 Trogus.
759 1325 900 1394 Suopaitu
915 1325 1033 1378 ovidius.
1066 1327 1252 1394 fleumata.

273 1442 275 1450 ·
296 1417 425 1468 Meterius.
465 1413 595 1463 Arcanum
617 1411 736 1475 furtivae
760 1409 857 1462 amota
878 1411 968 1462 mentis
989 1410 1088 1474 littera,
1112 1412 1165 1464 s'ara
1186 1414 1254 1468 lasso
1352 1429 1353 1434 ’

298 1499 389 1566 pollice
404 1496 476 1548 sistat
491 1513 559 1564 opas.
583 1492 637 1546 vid.
652 1495 717 1545 Met.
731 1493 773 1558 12,
786 1493 828 1545 82.
843 1491 885 1558 14,
901 1492 960 1544 512.
990 1492 1131 1548 Continuat
1151 1497 1255 1550 aratio-

297 1597 360 1636 nem
379 1579 512 1634 vocabulo
532 1586 565 1631 et.
603 1579 694 1630 Aruer.
717 1577 744 1640 3,
765 1577 791 1641 1,
813 1577 856 1629 al.
878 1579 1011 1629 Maenas.-
1033 1585 1060 1630 et
1081 1580 1160 1632 munit
1177 1583 1254 1649 piatis

296 1667 387 1719 innuo
400 1663 527 1715 cothurnis
540 1663 646 1715 deum
660 1663 771 1716 caesam
783 1669 869 1731 usque
880 1667 1014 1729 quaterque
1025 1671 1109 1731 capra.
1128 1663 1196 1731 3⁵⁶2
1208 1663 1251 1718 29.

295 1751 361 1804 Mat.
373 1749 400 1814 2,
413 1745 472 1800 alu.
507 1745 533 1810 7,
547 1743 606 1797 794.
865 1800 869 1809 J
1089 1807 1099 1824 Ι

331 1851 442 1904 sacrun.
454 1850 533 1901 liam.
547 1846 588 1900 lt.
608 1865 640 1899 aa
653 1847 714 1898 dum
729 1845 894 1898 munaum
903 1845 929 1896 in
937 1850 1029 1913 fronte
1036 1863 1168 1902 uerrucam
1177 1849 1253 1904 aeis·
1351 1879 1353 1908 j

295 1935 403 1990 ranutius
416 1933 523 2001 accipit,
546 1931 683 1998 profluente
696 1929 836 1997 sanguine,
860 1929 986 1996 utinum,¹
1001 1930 1100 1997 innuit,
1121 1933 1253 1988 laneam

295 2019 316 2072 i.
335 2034 359 2069 a.
383 2013 486 2068 utinum
499 2031 533 2066 aa
548 2004 608 2082 pius
621 2010 760 2080 sanguinis
773 2010 828 2062 mai
842 2010 1000 2064 effundatur.
1048 2035 1051 2045 ν
1193 2031 1198 2040 ·
1352 2017 1353 2020 ’

311 2123 362 2184 18.
390 2116 538 2202 Denique
559 2137 601 2178 ne
625 2115 695 2200 quis
718 2111 825 2175 credat
844 2108 926 2174 falso
950 2115 1023 2178 testi
1031 2163 1042 2196 ‚
1063 2114 1096 2178 id
1119 2138 1253 2195 manea,

229 2201 512 2290 significationem,
534 2221 631 2286 quam
648 2196 836 2262 Waltherus
855 2195 893 2258 ad
909 2195 1013 2262 Tacit.
1036 2200 1253 2282 Ann.1s,41.
1305 2209 1310 2217 “

231 2303 263 2356 et
281 2289 320 2366 ad
347 2288 424 2374 Agr.
441 2291 499 2358 410.
526 2282 639 2347 tribuit
654 2281 835 2372 ¹particulae
854 2280 1035 2366 iuncturus,
1059 2286 1149 2371 quasi
1169 2302 1273 2352 esset-

229 2374 401 2448 continuo,
429 2372 498 2435 sine
513 2367 776 2444 intermissione,
808 2368 880 2430 eam
904 2369 1040 2434 omnino
1071 2369 1111 2434 ab
1137 2381 1252 2441 natura

219 2457 375 2528 'vocabuli
394 2455 481 2521 stab
498 2455 591 2520 omni
612 2474 672 2517 usu
687 2451 870 2517 abhorrere.

647 2635 809 2724 HAV.

304 2807 355 2873 Dc
370 2804 591 2871 interiectione
608 2820 681 2868 Hau
699 2801 839 2866 diximus
852 2802 886 2866 in
904 2819 962 2869 AV.
979 2799 1077 2866 Tam.
1088 2807 1116 2867 1.
1130 2806 1254 2890 psat.

226 2895 287 2959 His
310 2914 475 2980 apponam
504 2889 613 2954 locum
643 2889 826 2952 Cassiodori
849 2887 889 2952 da
920 2887 1076 2972 Orthogr.
1098 2909 1131 2973 p.
1154 2894 1254 2955 2312.

226 2980 282 3042 ubi
299 2975 455 3064 Eutychis
474 2984 642 3062 praecepta
659 2973 698 3036 de
713 2972 927 3059 adspiratione
937 2971 1119 3036 traduntur:
1141 2976 1255 3038 omnis

226 3064 351 3129 vocalis
367 3061 474 3128 vocali
488 3059 589 3124 illata
603 3081 659 3142 seu
679 3057 806 3136 diuisa,
827 3079 885 3120 seu
906 3059 943 3122 in
961 3056 1168 3143 diphthongo
1191 3083 1255 3123 co-

129 3160 133 3166 “’
198 3147 348 3234 ‘palata
371 3158 464 3211 caret
483 3143 737 3230 adspiratione,
757 3178 800 3192 -·
827 3143 970 3228 exceptis
992 3139 1138 3225 taedas,
1160 3141 1254 3208 Iacu-
1351 3181 1352 3192 .

227 3235 303 3310 rio,
327 3233 383 3296 laio
391 3277 401 3306 ,
422 3230 513 3294 hisco
521 3276 532 3313 ,
555 3230 633 3292 hau.
1351 3227 1352 3244 *

616 3353 846 3482 -annss

306 3554 522 3640 Antiquarum
555 3551 841 3636 grammaticarum
877 3547 1024 3613 doctriua
1052 3548 1132 3612 hacc
1164 3560 1250 3614 crat:

225 3640 319 3704 houd
338 3639 459 3703 facttum
477 3643 543 3703 assa
560 3658 600 3700 ex
614 3657 728 3722 graeco
745 3631 799 3711 ari,
820 3635 1013 3720 aspiratione
1030 3631 1192 3718 praefixa,
1213 3645 1252 3698 ut
1299 3697 1305 3707 ,

227 3725 489 3790 acnniunctionc
512 3731 570 3784 aut
588 3721 853 3806 distingueretur,
875 3730 906 3782 et
930 3717 954 3782 d
975 3719 1083 3782 littera
1106 3741 1252 3805 parago-

224 3810 311 3896 giaa,
334 3809 417 3873 sicut
432 3810 465 3872 in
482 3806 591 3870 multis
606 3805 673 3868 aliis
690 3803 822 3868 vocibus
845 3803 947 3867 vocali
970 3803 1166 3884 terminatis,
1189 3804 1252 3866 ad·

111 3908 119 3922 ‘
223 3897 315 3958 iecta.
357 3891 447 3956 Vnus
464 3891 626 3954 Charisius
644 3887 737 3952 nand
755 3888 795 3951 ab
810 3883 878 3953 aricii
899 3887 1031 3951 derivat.
1072 3887 1114 3951 Et
1137 3909 1253 3951 assen-

223 3988 335 4044 serunt
350 3978 411 4041 illis
426 3977 620 4048 recentiores
634 3995 716 4060 pene
732 3993 859 4038 omnes.
901 3972 1035 4036 Vossius
1056 3982 1164 4036 autem
1180 3970 1254 4037 οὔτε

223 4065 273 4129 vel
297 4059 367 4130 ctat
390 4061 581 4156 supposuit,
612 4071 649 4124 ut
667 4057 816 4142 haberet,
844 4077 910 4145 qua
934 4069 949 4123 t
970 4057 1037 4126 siue
1059 4055 1085 4121 ci
1104 4056 1253 4124 litteram
