2730 4716
1101 141 1108 174 Ι

119 355 124 388 .
246 271 248 276 ’
468 284 671 397 ιιιριι.
754 400 785 420 „
912 368 915 379 ,
1036 272 1141 384 sor
1205 353 1211 378 .

154 471 203 532 10.
225 466 328 530 Huius
344 465 553 550 digressionis
575 471 608 528 et
627 463 845 530 annectendas
868 466 1024 531 orationis
1047 493 1105 556 ge-

67 575 131 618 nus
147 553 294 616 maxime
311 561 448 636 occupat
464 548 672 636 parenthesin
695 559 727 613 et
749 571 803 625 ea,
827 569 909 634 quae
928 557 1114 638 parenthe-¹

69 640 114 702 sis
131 639 165 702 in
185 637 324 700 modum
341 636 610 722 interponamur.
651 635 728 699 Post
747 657 781 698 ea
799 641 885 698 enim
908 659 985 700 non
1003 639 1105 704 modo

69 722 267 788 vocabulum
283 721 411 806 igitur,
434 719 488 783 sed
506 720 602 784 etiam
619 719 733 808 itaque
747 719 915 784 restituere
930 721 1013 786 solet
1027 745 1104 788 oro-

65 809 168 873 tionis
193 806 340 872 turbatae
360 804 649 870 continuationem.
672 803 744 868 'ct
768 803 877 868 Davis-
909 807 951 872 ad
973 808 1040 872 Cic.
1065 809 1106 874 de

64 891 181 971 Finrt,
199 897 230 973 6,
250 895 300 965 te.

170 1010 227 1062 Gic.
244 1009 278 1061 de
292 1007 378 1062 Amic.
393 1007 420 1071 1,
434 1007 460 1060 2.
480 1023 655 1082 quamsaepe
677 1007 774 1072 mato,
791 1014 845 1060 tum
868 1008 973 1061 nemina·
991 1011 1064 1063 done·
1078 1012 1106 1064 ιἰι

135 1095 281 1161 hemicyclio
298 1094 443 1155 sedentem,
459 1099 487 1144 ot
502 1093 613 1155 solebat,
630 1117 663 1132 -
680 1090 709 1143 in
723 1107 780 1144 eum
800 1109 939 1146 sermome
951 1094 1026 1146 ittam
1039 1095 1106 1148 tost-

101 1234 103 1238 ,
136 1179 212 1250 «tera,
232 1159 278 1248 qia·
291 1184 346 1232 tum
354 1181 414 1245 sera
431 1177 519 1228 moltis
534 1183 590 1228 erm
604 1176 633 1228 ta
654 1191 705 1228 ore.
737 1173 877 1228 Meministi
896 1175 965 1229 ιιιίιιι
980 1163 1105 1246 profecto,

135 1249 231 1327 Attice,
255 1287 289 1302 -
312 1289 347 1300 -
372 1265 547 1327 quontoesret
563 1259 693 1312 hominum
712 1257 753 1310 oet
774 1259 912 1312 admiratio
935 1261 978 1316 nel,
994 1263 1103 1332 querela.
1136 1314 1138 1320 ,

135 1346 226 1414 ltaque
246 1351 302 1396 tum
328 1343 453 1396 Scaevola
474 1359 551 1410 qaum
570 1343 600 1395 s'o
622 1359 686 1412 ιιιιιιΙ
703 1341 787 1412 ipson
806 1343 960 1397 amttam
978 1347 1105 1401 incidisset
1152 1360 1160 1368 “

136 1437 188 1482 eto.
222 1429 307 1482 Aeud.
319 1427 346 1492 2,
361 1423 404 1493 31,
417 1425 460 1480 99.
773 1425 777 1428 ’

84 1614 88 1621 .
150 1551 210 1630 11..
229 1566 333 1650 Atque
353 1561 417 1626 hoo
434 1561 529 1626 etiam
546 1559 582 1624 fit
598 1561 632 1625 in
646 1560 696 1642 iis,
709 1583 799 1647 quoe
818 1562 958 1649 speciem
975 1585 1054 1650 prae
1069 1585 1103 1628 sa

69 1645 183 1714 ferunt
204 1647 438 1714 anacoluthioe.
481 1646 672 1720 Restituitur
695 1649 851 1712 orationis
872 1657 986 1722 tenor,
1007 1660 1103 1734 utque
1129 1673 1132 1680 ’

71 1755 134 1820 per
148 1734 202 1820 ito
218 1734 265 1797 ad,
277 1735 421 1800 animum
440 1731 558 1794 iterum
581 1742 756 1816 revocatur
773 1732 826 1814 id,
847 1734 935 1820 quod
956 1733 1104 1821 interpo·
1132 1802 1152 1818 ‚q

68 1817 141 1882 sitis
158 1818 227 1883 aliis
244 1817 349 1884 verbis
364 1827 531 1882 remotum
551 1826 610 1881 est.

170 1936 227 1988 cte.
242 1937 275 1988 de
292 1935 351 1988 Fiu.
373 1934 398 1998 1,
414 1935 441 2000 6,
456 1932 497 1986 19.
522 1935 611 1988 deinde
627 1935 720 1988 totam
738 1937 812 1990 homo
827 1942 926 2000 ocutus,
944 1952 1022 2004 quum
1038 1935 1105 1990 ittae
1190 1967 1192 1972 ·

133 2027 292 2082 occurreret,
309 2021 332 2074 u'
347 2020 433 2071 omniu
446 2019 563 2070 deorsum
580 2036 594 2070 e
610 2019 714 2088 regione
722 2025 870 2086 ferrentur,
887 2026 927 2082 et,
943 2027 973 2071 ut
989 2021 1050 2084 otu,
1068 2010 1105 2072 dd

133 2103 240 2166 tinem,
253 2119 393 2170 numquam
403 2106 474 2168 sore,
491 2109 519 2154 ut
535 2107 637 2162 atomus
650 2103 733 2154 attero
748 2105 949 2172 olterompouet
963 2103 1105 2172 attingere:

135 2187 224 2253 troque
244 2187 332 2238 utatis
346 2181 399 2237 rem
422 2183 635 2238 commenticiam}
655 2186 783 2252 declinare
807 2189 870 2239 dicit
885 2191 936 2238 eto.
969 2185 1105 2254 Apodosin

134 2269 259 2322 videmus
276 2268 305 2320 in
321 2269 412 2320 verbis
430 2269 517 2323 attolit
539 2284 593 2319 rem
609 2283 647 2318 a:
664 2268 711 2319 red
728 2268 987 2336 interpositarum
1005 2287 1105 2322 nexum
1197 2333 1198 2336 Ἴ
1236 2253 1239 2259 “
1298 2269 1305 2294 ”

10 2353 11 2358 ’
95 2381 99 2387 -
134 2353 315 2406 sustuleruntr
332 2355 517 2422 quaesitoque
535 2349 604 2401 dixit
618 2349 732 2415 Cicero,
751 2354 823 2419 qnod
846 2357 887 2406 est
901 2369 977 2420 quam
1000 2353 1047 2404 troo
1062 2371 1105 2404 oc-

22 2454 24 2463 ’
136 2444 261 2492 curreret.
293 2436 431 2490 Manutius
448 2443 475 2488 at
489 2433 629 2488 Ernestiue
650 2433 768 2495 alicuem
783 2454 841 2489 esse
862 2439 1023 2488 censuerunt
1041 2453 1107 2506 pur·

135 2521 265 2576 danturne
288 2537 358 2592 quse
378 2519 546 2587 Goerenzius
566 2519 665 2584 effert,
685 2531 793 2585 prorsus
808 2519 915 2574 divorsa
930 2525 1002 2573 snut.

154 2661 205 2720 12.
229 2640 387 2738 Quam‘in
405 2655 515 2742 igitur
541 2655 750 2719 observamus
773 2654 839 2720 vim
859 2655 898 2716 ad
923 2654 1115 2742 expositioq

71 2740 124 2806 nis
146 2743 316 2828 negotium
340 2739 579 2826 suscipiendum
610 2751 641 2802 et
671 2739 711 2803 ad
735 2741 914 2808 orationem
943 2741 1105 2827 incipien-

74 2826 170 2908 dam,
190 2838 261 2906 eom
286 2826 486 2910 grammatici
508 2826 694 2889 tribuerunt
716 2825 809 2886 etiam
834 2825 1009 2910 particulae
1033 2825 1106 2889 itu·
1142 2899 1143 2905 ¹
1206 2839 1212 2854 ‘

73 2914 153 2999 que,
177 2910 309 2974 raritate
328 2910 555 2994 exemplorum
576 2931 644 2972 non
660 2909 838 2987 admoniti,
859 2919 895 2972 ut
918 2909 957 2972 de
979 2911 1105 2973 ratione

74 3005 278 3082 quaererent.
321 2993 479 3078 Equidem
497 3014 574 3059 vero
598 3013 698 3078 (quum
724 2995 862 3076 respicio
886 2995 976 3078 ipsos
1000 2993 1104 3068 locos,

74 3102 158 3179 quos
185 3079 237 3144 itti>
257 3077 419 3157 afferunt,
452 3069 642 3164 opinionem
672 3074 762 3170 yolde
784 3077 913 3146 dubiam
940 3097 1009 3141 esse
1033 3079 1105 3140 exi-

72 3177 185 3230 stimo.
965 3197 969 3200 ·

172 3282 231 3336 cio.
246 3280 343 3335 Partit.
359 3284 428 3332 orat.
447 3275 473 3342 7,
488 3277 531 3330 23.
551 3295 575 3329 o.
592 3295 619 3331 r.
634 3279 769 3348 Reliquum
782 3287 816 3342 ert
829 3281 930 3350 igitur,
947 3285 975 3336 ut
990 3280 1061 3332 dicos
1075 3281 1107 3336 da

140 3383 260 3420 amoueo
273 3365 480 3444 orationemque
494 3369 603 3416 motato.
639 3381 661 3416 o.
677 3381 703 3416 r.
729 3361 786 3416 ‘Est
806 3366 889 3434 itaque
913 3365 941 3416 id
966 3381 1048 3434 geum
1066 3373 1112 3417 to-¹

142 3457 199 3506 rom
221 3451 300 3504 eitum
323 3451 352 3502 iu
372 3449 567 3502 commutatione
589 3443 730 3502 uerborum.
763 3447 853 3504 Editio
872 3455 970 3503 venete
986 3466 1011 3503 ιι.
1027 3447 1105 3502 1485.

141 3540 178 3588 ert
193 3535 300 3603 quidem.
359 3565 364 3582 .

158 3691 209 3752 13.
237 3685 363 3774 Negant
393 3683 531 3749 Bothius
562 3693 594 3747 et
618 3682 855 3748 Lindemannus
883 3682 917 3746 in
947 3684 1035 3750 notis
1054 3683 1104 3746 'od

56 3774 170 3860 ‚Gapt
195 3776 225 3846 8,
253 3779 282 3854 1,
306 3775 350 3835 8.
374 3793 392 3832 a
413 3771 525 3832 Pdauto
550 3789 707 3854 umquam
731 3767 844 3852 itaque
868 3766 1009 3853 positum
1037 3789 1106 3832 osse

76 3879 152 3921 oum
168 3857 199 3921 vi
215 3855 404 3943 explicatius
427 3854 459 3918 iu
484 3855 670 3933 sententiis,
691 3852 807 3936 quibus
831 3873 884 3930 ea,
906 3873 987 3938 quoe
1014 3863 1106 3916 ante-

77 3941 216 4022 cedunt,
250 3963 324 4004 com
353 3939 592 4004 rehenduntur:
627 3937 717 4026 quod
747 3937 1039 4000 demonstravimus
1071 3939 1112 4006 in

78 4027 131 4094 itu
157 4027 282 4114 poet.
325 3962 481 4108 idemque
502 4023 638 4092 Bothius
662 4021 802 4086 mirabili
828 4025 1105 4106 argumentatione
1181 4056 1195 4071 κ

76 4112 110 4177 in
128 4113 215 4198 notis
229 4109 270 4178 od
285 4109 387 4176 Pluut.
410 4109 489 4174 Cist.
510 4131 544 4197 p.
561 4111 633 4175 250.
652 4106 757 4189 docet,
781 4107 894 4192 itaque
909 4105 952 4170 ob
969 4127 1029 4193 que
1047 4129 1105 4170 co·

1036 4307 1041 4336 t

1060 4433 1066 4464 t
