2738 4730
474 281 476 287 ·
588 264 733 334 111.κ
973 243 1142 332 'eor

154 421 208 490 ipse
216 423 340 490 foetores
358 424 446 494 erro,
462 416 507 472 its
529 415 630 471 dicitnr
647 419 740 485 faeere
759 415 790 473 io
812 415 901 486 oiipsso
920 417 1031 472 homine.
1064 417 1144 476 (ines.

153 506 187 559 B.
208 507 277 576 gaii.
296 503 329 570 i,
348 504 391 558 21.
419 505 487 573 qood
501 507 593 571 sotere
614 503 644 555 iss
664 519 693 555 eo
712 510 881 570 eomoeront,
909 505 981 556 coires
1003 505 1144 560 orationem

156 594 310 661 approbant.
345 590 403 643 Cic.
421 607 445 658 p.
461 587 566 642 Scauro
580 587 613 653 2,
628 585 672 640 24.
688 589 736 640 hoe
753 595 784 640 trs
802 589 870 642 idem
894 588 941 642 tihi
956 589 985 640 in
1001 590 1038 641 M.
1053 591 1144 643 Aeoni-

155 675 191 728 lio
213 679 312 729 Scauro
334 676 433 746 potasti
455 690 507 726 cese
519 674 683 742 faciendum.
719 672 754 725 de
773 671 827 726 off.
842 671 997 739 t,14,eo.
1022 674 1082 728 niv.
1096 674 1142 741 oo,

104 791 106 796 ·
156 757 259 825 25‚1o.
276 779 303 815 se
318 759 386 811 nihii
399 775 445 811 erec
463 757 590 811 institutis
601 746 696 827 popuii
709 760 812 812 romoni
830 777 876 812 nec
891 760 945 812 ssss's
967 760 1079 813 morihsu
1100 759 1145 814 in·

156 847 269 916 dignum
291 847 320 898 irs
339 845 375 896 iis
389 849 528 911 sactorum
548 858 609 894 esse.
645 841 701 894 vid.
715 843 819 896 Dnirer.
839 847 868 896 et
886 843 1093 900 Drakenborch.
1108 845 1159 900 sd.

156 929 200 998 33,
215 930 316 996 12,12.
334 933 362 981 et
379 924 471 993 anot
488 926 533 992 32,
548 925 574 980 8.
593 927 671 981 etnd
686 927 730 992 28,
746 925 792 992 43,
807 927 834 982 8.

119 1021 121 1028 1
191 1033 253 1087 Liv.
270 1032 314 1098 42,
326 1029 352 1097 9,
372 1031 397 1086 1.
417 1048 469 1100 qno
477 1031 579 1098 serneio
594 1031 676 1084 opimi
690 1047 752 1084 oeus
769 1039 824 1085 eret
839 1033 867 1086 in
880 1033 1033 1106 liguribus.
1059 1033 1086 1100 5,
1101 1035 1145 1104 ll,
1180 1029 1181 1036 ’

156 1117 201 1173 13.
221 1119 327 1171 minime
341 1117 491 1181 convenire,
510 1115 601 1183 quibos
617 1117 699 1169 irotoe
713 1117 817 1185 quisque
831 1119 893 1170 deos
907 1126 1028 1189 precatus
1049 1121 1099 1186 sit,
1116 1123 1146 1174 iss

155 1203 190 1255 iis
207 1221 257 1256 suo
271 1209 401 1272 potestate
414 1219 466 1254 non
483 1201 533 1254 ssti.
566 1199 621 1256 vid.
635 1201 774 1255 Drnirenh.
791 1201 825 1254 nd
842 1201 921 1255 iilum
941 1201 1016 1255 Livii
1036 1203 1143 1259 iocnms

155 1286 205 1357 qni
219 1295 310 1342 tomen
326 1293 417 1352 erret,
433 1302 518 1356 quum
533 1303 582 1354 pro
600 1285 756 1355 occnsotivo
774 1286 894 1356 positum
913 1294 997 1357 putot.

192 1391 257 1443 Huc
270 1386 362 1444 rciero
379 1390 431 1443 iiio
446 1390 533 1442 verbo
548 1389 661 1459 Virgilii
680 1391 739 1444 Eoi.
751 1377 790 1454 Ι8,
811 1387 854 1444 83.
883 1392 1005 1460 Daphnis
1025 1409 1066 1446 sne
1086 1411 1143 1447 mo·

128 1457 132 1470 ⁴
155 1475 198 1528 ius
214 1477 283 1540 serit,
300 1494 350 1546 ego
365 1476 433 1528 hono
448 1475 475 1527 in
489 1476 628 1543 Daphnide
642 1477 756 1528 inomni.
777 1492 847 1545 quoe
870 1476 943 1546 opud
965 1475 1147 1532 Theocritum

154 1558 183 1626 2,
198 1559 241 1614 23.
261 1557 313 1628 tyri
331 1555 355 1614 δ’
357 1557 404 1614 tet
418 1556 542 1626 Δὲλφιᾶι
560 1555 676 1628 δάφναν
701 1561 786 1615 nitito.
821 1562 943 1630 Vtroque
966 1559 995 1614 in
1017 1562 1080 1616 loco
1102 1562 1146 1616 in·-

73 1657 77 1670 “
154 1651 220 1716 epte
244 1646 315 1700 mihi
340 1645 430 1699 critici
451 1646 580 1699 videntur
600 1645 771 1699 comminisci
793 1639 943 1716 imaginem
971 1643 1082 1701 ceream
1109 1648 1146 1703 cti

154 1731 252 1800 ignem
281 1732 430 1786 admotam.
476 1733 510 1784 in
533 1731 677 1798 Daphnide
699 1736 740 1784 est
760 1731 917 1798 Daphnidi,
941 1733 987 1785 vel
1019 1733 1146 1804 cogitans

154 1815 347 1885 Daphnidem,
372 1817 420 1869 vel
440 1815 595 1884 Daphnidis
609 1833 709 1870 nomen
724 1816 918 1888 pronuntians,
935 1819 982 1870 vei
998 1819 1070 1871 hono
1084 1820 1147 1874 isn-

155 1919 221 1955 rom
246 1903 281 1954 nd
305 1901 478 1970 Daphnidem
498 1903 632 1957 referens.
675 1903 715 1956 hd
737 1902 810 1966 idem
834 1901 907 1954 enim
931 1903 1048 1956 redeunt
1068 1904 1148 1958 hoec.

155 1987 285 2054 Propert.
298 1985 326 2049 2,
341 1986 385 2050 23,
402 1986 444 2038 11.
463 1987 493 2038 in
506 1995 532 2040 te
547 2004 596 2056 ego
613 1995 638 2041 et
653 1997 756 2041 aeratos
769 2005 900 2058 rumpam,
922 2003 980 2040 meo
991 1989 1060 2054 vito,
1077 1997 1148 2042 cote·
1170 2037 1172 2040 .
1252 2036 1254 2042 ,
1360 1977 1361 1984 ¹

154 2089 218 2124 nos.
252 2071 328 2123 Molo
348 2078 514 2139 occeperunt
539 2071 589 2132 eiii
610 2089 660 2141 pro
682 2073 847 2126 accusativo.
881 2070 954 2126 Piin.
967 2071 1053 2139 Epist.
1070 2069 1104 2138 2,
1119 2071 1146 2128 5.

153 2157 219 2210 s'sede
233 2163 279 2220 est,
291 2156 362 2243 'pund
376 2165 617 2227 magnomportem
629 2158 744 2210 noctium
756 2158 909 2230 inimngine
920 2163 970 2210 too
981 2157 1050 2228 oigii
1063 2157 1149 2229 stigo·
1201 2221 1204 2226 ,

155 2239 178 2294 i.
198 2257 223 2293 e.
242 2257 325 2310 quum
342 2240 433 2296 animo
447 2241 611 2298 obversatur
630 2247 678 2310 too
696 2241 799 2312 imago.

166 2399 232 2462 81.
247 2393 452 2460 «sublimiori
469 2393 502 2458 in
521 2407 642 2478 genere
665 2391 813 2464 dicendi,
836 2393 926 2479 quod
945 2395 1148 2460 recentiores

81 2483 273 2570 scriptores
305 2483 405 2545 etiem
433 2479 467 2544 in
500 2478 707 2543 tenuioribus
729 2478 827 2543 rebus
851 2478 1006 2544 adhibere
1029 2479 1150 2563 soient,
1179 2521 1182 2528 =

84 2570 217 2635 dicitur
242 2562 377 2653 aliquid
399 2553 438 2633 ih
462 2563 578 2652 aliquo
590 2562 737 2662 jacere,
761 2573 794 2628 et
816 2563 949 2653 aliquid
974 2565 1011 2630 in
1035 2566 1150 2652 aliquo

77 2655 190 2745 pati,
217 2651 353 2739 quondo
381 2650 489 2737 oiiqun
512 2672 566 2714 res
587 2671 622 2713 m
639 2650 747 2722 „nitere
768 2649 868 2714 simul
892 2649 1151 2740 comprehendi·

79 2753 158 2819 tur,
181 2749 218 2804 et
238 2735 372 2824 quondo
392 2736 493 2800 nitere
518 2737 553 2800 in
574 2737 709 2800 citerius
734 2737 840 2800 vicem
857 2737 969 2813 cessit,
991 2747 1024 2802 et
1040 2759 1149 2825 quan·

80 2827 127 2892 do
146 2825 243 2891 idem
260 2823 295 2888 in
320 2833 459 2908 utraque
477 2843 514 2888 re
533 2819 687 2887 efficitur.
732 2822 837 2970 Saepe
859 2823 1040 2890 verborum
1066 2845 1152 2888 con·

80 2913 231 2978 structio
257 2909 302 2972 ito
317 2919 366 2972 est
382 2917 590 2994 componete,
613 2917 649 2970 ut
672 2929 714 2972 ex
737 2929 793 2972 ver
819 2929 839 2970 o
864 2910 1019 2996 opposito
1042 2910 1150 2998 porti..
1226 2967 1229 2975 ,

80 3000 218 3083 cipium
246 2993 339 3058 elteri
361 2994 492 3068 nomini
514 2994 557 3056 eit
581 2993 838 3078 adiungendum.
889 2995 977 3058 Hnec
1003 3015 1082 3059 vero
1109 2994 1150 3059 ob

72 3085 170 3170 illis,
197 3101 288 3170 quoe
306 3077 411 3142 modo
434 3077 686 3154 declaravimus,
708 3077 876 3168 aliquanto
892 3079 1060 3150 differunt.

86 3287 88 3294 y
190 3221 259 3277 Iriv.
282 3219 334 3288 23,
350 3217 403 3284 43,
418 3217 444 3271 3.
472 3219 499 3271 in
523 3235 578 3270 ono
601 3219 665 3271 orte
683 3219 829 3274 universam
849 3219 965 3290 ceperitis
980 3217 1151 3289 Hispaniam.

153 3309 245 3367 osio.
262 3307 331 3360 Met
346 3304 380 3366 2,
396 3302 457 3356 332.
480 3301 596 3356 nostium
619 3305 737 3358 inhiator
759 3305 788 3356 iss
808 3305 900 3370 arbore
922 3321 1021 3374 corpor.
1042 3301 1061 3356 i.
1081 3320 1105 3356 e.
1122 3301 1151 3357 in

151 3397 266 3452 arbore
288 3389 429 3444 leniendo.
460 3387 559 3440 Florus
580 3385 615 3454 si,
628 3390 660 3448 o.
673 3389 700 3442 l.
723 3391 838 3458 pronois
859 3390 887 3442 s'n
910 3389 998 3442 Cossio
1019 3397 1045 3443 et
1066 3390 1152 3444 Bruto

150 3488 255 3554 portes
276 3475 436 3538 montone,
461 3474 491 3527 ise
512 3475 636 3544 Pompeio
661 3482 743 3528 totum
765 3473 881 3544 portione
903 3491 998 3526 nomen
1019 3475 1152 3540 ohotesset,

153 3575 255 3622 tomen
272 3566 325 3614 etc.
345 3560 364 3612 i.
382 3577 405 3614 c.
424 3559 453 3612 in
473 3559 568 3617 Cossio
589 3559 718 3612 tollendo.
743 3559 770 3625 2,
783 3556 809 3624 3,
823 3557 868 3614 33.
884 3565 942 3612 toto
956 3561 1041 3612 insuia
1054 3561 1082 3612 in
1096 3576 1152 3613 ooo
1201 3601 1208 3626 ,

152 3653 223 3706 urhe
241 3652 365 3716 sssperoto,
383 3652 431 3699 est.
462 3643 558 3700 lustin.
572 3643 616 3709 12,
631 3641 657 3707 9,
672 3641 699 3695 3.
715 3644 739 3696 si
757 3651 842 3714 posset
857 3644 885 3700 s‘sr
905 3661 958 3695 sesto
976 3644 1063 3714 capite
1082 3643 1153 3698 oshs's
1209 3679 1214 3689 ·

153 3738 232 3793 heila
239 3733 332 3800 finire.
365 3728 410 3794 32,
428 3729 455 3795 1,
467 3727 493 3782 i.
516 3731 586 3784 oeisst
601 3730 628 3781 iss
641 3730 686 3782 itio
697 3746 771 3784 omne
788 3731 881 3784 heitom
894 3723 1074 3799 confecissent.
1157 3783 1159 3788 ,

107 3875 109 3882 .
190 3837 302 3892 Florus
315 3831 343 3898 2,
359 3831 444 3898 8,13.
462 3832 489 3886 s'o
497 3831 624 3884 Antiocho
637 3831 744 3885 vicimus
761 3832 877 3897 Xersem,
892 3831 1038 3888 &Acutilio
1047 3829 1151 3884 Themi-

152 3923 271 3982 etodem
289 3909 463 3987 oepriooisnrss.
496 3913 551 3968 visi.
572 3915 676 3991 Dnher.
698 3915 733 3968 nd
756 3915 790 3980 3,
812 3915 846 3981 1,
868 3913 894 3971 5.
919 3914 1026 3984 Apulei,
1040 3913 1110 3969 'Met
1125 3911 1153 3966 4.

145 4029 183 4080 p.
207 3999 283 4069 153,
301 4001 327 4057 1.
352 4003 382 4053 in
403 4000 526 4054 homenis
545 4001 657 4056 erotem
676 4003 740 4060 dcoe
761 4007 854 4057 tostos
875 3999 981 4056 nomino
1006 3999 1153 4070 phemone.
1257 4040 1259 4044 -

152 4093 220 4148 vid.
237 4087 414 4155 Oudendorp.
432 4103 459 4156 p.
472 4081 535 4145 314.
