2812 4732
592 283 714 348 ru„
849 307 923 336 ·.
1032 247 1152 351 “sss

102 437 214 504 multis
243 435 422 503 admodum
447 435 588 522 placuitr
623 433 776 500 contrahi
800 433 881 498 duas
908 436 1152 502 enuntiationes

101 528 282 601 inunum,
311 533 344 586 st
370 522 407 586 in
424 533 633 607 potestatem
658 544 728 586 csse
751 521 808 608 qui
830 520 1152 609 dixerit,.oogitasse
1186 580 1190 595 ,
1250 532 1253 544 ’

102 611 139 676 in
151 619 359 696 potestatem
376 608 488 672 uenire
504 619 536 672 et
552 609 589 670 irs
606 630 648 671 eu
664 629 745 672 csse.
789 610 832 668 At
848 627 916 670 non
931 609 1153 694 supprimitur

102 695 276 786 cogitatio,
311 697 423 780 usquc?
450 693 650 758 accusativus
687 691 807 778 pendet
840 713 881 756 cx
913 691 1021 757 alieno
1042 694 1152 759 ‘verbo

101 778 330 846 substituendo
359 781 394 842 iu
419 778 522 844 allatis
546 777 723 864 exemplis:
763 777 843 862 quin
868 778 978 864 potius
1008 800 1154 866 perpau-

101 889 139 931 ca
155 875 253 945 suut,
276 863 448 950 inquibus
468 886 623 952 praeceps
644 864 799 951 cogitatio
817 863 990 928 notionem
1012 864 1156 952 aliquam

102 949 357 1038 exprimendam
373 951 583 1014 transmittit:
607 949 707 1014 veluti
725 970 826 1036 quum
841 947 914 1013 Lis.
931 953 962 1029 8,
978 955 1031 1028 20,
1050 955 1081 1014 7.
1105 951 1157 1016 di·

101 1039 170 1102 xitz
198 1035 396 1101 Vitruvium
413 1035 451 1098 iu
466 1057 637 1104 carcerem
653 1034 826 1100 asservari
851 1034 970 1098 iussit:
992 1035 1025 1101 id
1051 1045 1100 1100 cst
1121 1039 1157 1102 in

102 1144 269 1187 carcerem
287 1119 406 1186 coniici
422 1131 454 1184 et
468 1120 514 1185 ibi
532 1122 702 1186 asservari.
747 1120 811 1184 Sed
828 1121 917 1185 varia
941 1131 1019 1184 sunt
1038 1120 1158 1210 harum

103 1209 290 1273 dictionum
313 1227 442 1291 genera.
491 1208 575 1272 Ante
605 1207 716 1270 omnia
747 1207 849 1292 igitur
870 1205 1159 1271 secludendisunt

100 1294 189 1371 loci,
217 1295 251 1358 in
276 1293 395 1378 quibus
419 1290 547 1358 indocti
568 1291 696 1358 librarii
725 1293 777 1356 vel
806 1289 949 1356 aliorum
976 1293 1158 1370 verborum

102 1377 317 1444 similitudine
341 1377 490 1464 decepti,
522 1377 571 1442 vel
600 1387 802 1526 properante
824 1375 949 1458 calamo
972 1377 1100 1444 litterae
1122 1401 1159 1443 m

101 1475 219 1530 notam
241 1473 486 1551 apposuerunt:
520 1463 576 1548 qui
606 1485 663 1526 mu

103 1552 230 1625 etiam,
246 1551 280 1612 in
298 1549 416 1634 quibus
434 1549 537 1612 seduli
552 1549 678 1614 scribae
695 1549 894 1634 antiquitatis
913 1549 1060 1614 colorem
1077 1572 1157 1614 ora-

104 1637 189 1700 tioni
207 1635 325 1698 addere
341 1635 546 1699 studuerunt.
595 1634 675 1698 Vide
692 1632 855 1699 Schwarz.
872 1633 909 1697 ad
929 1634 1023 1699 Plinii
1041 1637 1156 1724 Pancg.

102 1744 136 1809 p.
154 1726 205 1785 63.
225 1731 257 1784 et
277 1744 311 1807 p.
329 1722 400 1784 150.
444 1718 534 1782 Turn
552 1740 620 1782 nou
645 1719 748 1782 modo
771 1720 965 1806 depravatae
989 1721 1157 1786 latinitatis

100 1807 346 1872 recentissimae
362 1825 470 1876 usum,
494 1806 528 1869 in
547 1826 612 1890 quo
629 1827 689 1868 nec
707 1827 838 1869 casuum
858 1807 918 1868 neo
934 1807 1159 1892 praepositio-

101 1891 370 1973 numlegitimus
387 1889 506 1953 modus
525 1891 714 1966 constabat,
735 1912 805 1953 nou
823 1889 864 1953 ad
884 1889 992 1954 bonos
1012 1893 1159 1980 scripto·

99 1999 154 2042 res
168 1976 336 2062 pertinere
351 1975 571 2052 censebimus,
593 1976 649 2040 scd
669 1997 710 2038 ne
727 1977 759 2040 id
783 1974 916 2061 quidem
940 1977 1159 2042 concedemus

99 2061 268 2138 Kleuzio,
291 2059 514 2144 antiquiorum
530 2060 714 2124 libertatem
738 2061 805 2125 sive
826 2061 1055 2148 negligentiam
1080 2064 1160 2128 nul·

100 2147 143 2211 lis
169 2145 267 2208 certis
289 2142 410 2207 finibus
440 2144 726 2232 ,circumscriptam
758 2145 870 2211 fuisse.
923 2146 1159 2236 inscriptiones

101 2230 258 2318 lapidum
275 2227 345 2293 fere
369 2227 452 2292 nihil
478 2229 637 2316 probant,
661 2233 783 2319 quippe
806 2253 888 2318 quae
912 2243 968 2296 aut
993 2235 1078 2298 male
1102 2235 1160 2299 de-

100 2311 247 2404 scriptae
266 2325 320 2378 aut
338 2313 378 2378 ab
398 2315 541 2378 indoctis
559 2315 735 2380 artificibus
752 2317 856 2380 factae
871 2317 948 2380 sint.
993 2320 1085 2398 Quae
1103 2342 1161 2384 re·

102 2411 194 2468 stant
219 2399 414 2466 vindicanda
449 2400 600 2488 exempla
630 2424 700 2465 nou
728 2400 882 2464 destituta
912 2423 981 2466 esse
1011 2405 1162 2470 videntur

102 2487 228 2553 caussis
261 2509 298 2550 ac
322 2485 470 2568 ratione,
511 2508 618 2572 neque
659 2487 751 2550 decet
781 2486 822 2550 ad
857 2487 1160 2572 antiquissimorum

102 2574 312 2661 scriptorum
342 2571 576 2658 negligentiam
599 2593 803 2670 provocare,
833 2571 891 2636 ubi
915 2572 969 2636 lex
993 2584 1024 2637 et
1045 2585 1162 2642 natura

102 2659 239 2745 linguae
256 2657 407 2722 decrevit.
451 2658 544 2738 Quae
561 2679 649 2721 enim
667 2658 799 2722 Catonis
818 2667 851 2722 et
869 2659 1026 2724 Varronis
1045 2682 1162 2726 exem·

105 2745 163 2833 pla
191 2743 393 2819 afferuntur,
414 2743 460 2806 sie
482 2753 560 2807 sunt
581 2754 794 2833 comparata,
816 2751 870 2821 ut,
893 2745 984 2831 quod
1005 2748 1162 2812 testimo-

104 2831 162 2895 nio
187 2829 462 2918 gravissimorum
489 2839 663 2892 auctorum
690 2828 885 2894 defensurus
912 2854 963 2910 es,
984 2827 1096 2918 potios
1119 2833 1162 2898 li-

104 2915 300 2981 brariorum
324 2915 540 3000 negligentiae
564 2925 619 2978 aut
648 2917 794 2980 inscitiae
815 2915 1027 2981 tribuendum
1050 2916 1164 2984 videa-

103 3011 170 3067 tur.
222 3001 469 3066 Nec'omuium
492 2998 671 3065 verborum
701 3021 767 3062 una
793 3009 842 3063 est
869 3003 965 3064 ratio.
1015 3003 1164 3068 Verbum

105 3110 176 3152 esse
193 3094 310 3175 potest
328 3105 404 3147 cum
423 3084 460 3147 in
478 3095 510 3147 et
530 3085 714 3148 accusativo
733 3086 909 3170 componi,
933 3084 990 3149 ubi
1008 3109 1076 3151 nou
1094 3093 1164 3154 tam
1204 3126 1207 3132 ,

106 3183 209 3238 status
235 3183 271 3236 et
293 3169 440 3234 conditio
463 3168 646 3250 indicatur,
669 3189 769 3253 quam
794 3191 986 3256 progressus
1011 3196 1048 3240 uo
1074 3172 1163 3238 dire·

106 3260 193 3333 ctio,
216 3269 251 3322 et
270 3255 463 3323 ubidicitur
488 3277 559 3319 rem
585 3254 626 3318 ad
653 3253 776 3341 aliquid
799 3258 964 3338 pertinere
989 3269 1043 3322 aut
1066 3259 1162 3324 alicui

104 3345 154 3409 rei
178 3343 343 3408 inservire
364 3341 415 3406 vel
436 3339 631 3404 destinatam
656 3363 737 3404 esse.
792 3341 844 3406 Sic
867 3340 927 3419 lit,
953 3353 990 3406 ut
1005 3367 1076 3409 esse
1100 3366 1162 3432 pro

107 3430 242 3504 venire,
267 3425 346 3491 εἶναι
363 3449 425 3513 pro
442 3425 582 3510 ἔρχεσθαι
598 3426 678 3512 poni
697 3425 855 3491 videatur.
895 3427 983 3493 Esse
1005 3430 1043 3494 in
1058 3443 1165 3516 pote-

69 3516 71 3520 ’
107 3527 236 3579 starem
253 3513 399 3578 alicuius
415 3511 592 3660 siguificat,
614 3533 684 3576 esse
708 3511 830 3598 aliquid
848 3511 981 3577 alicuius
1008 3518 1163 3602 potestati
1180 3509 1187 3524 “

109 3601 291 3670 traditum:
323 3620 393 3662 esse
417 3621 437 3661 a
454 3598 523 3662 icui
550 3598 588 3662 iu
611 3609 756 3661 mentem
787 3598 875 3662 idem
903 3597 973 3663 fere
1005 3601 1166 3688 significat

54 3747 62 3758 ,
110 3689 201 3772 quod
220 3685 335 3751 venire
352 3685 387 3749 in
405 3693 571 3758 meatem,
593 3682 775 3773 eiusullem
798 3682 855 3747 sed
882 3682 1009 3750 dativus
1030 3687 1167 3752 addatur

111 3794 250 3838 necesse
269 3779 336 3834 est:
357 3792 426 3846 esse
447 3768 484 3832 in
500 3767 667 3832 iudicium
683 3784 745 3854 pro
762 3769 876 3832 sistere
891 3792 925 3833 se
946 3771 980 3835 in
1007 3772 1167 3836 iudicium

112 3857 317 3924 ferendum:
344 3854 617 3942 inconspectum
629 3876 709 3930 esse,
731 3854 963 3941 intelligimus,
984 3868 1021 3919 ut
1037 3850 1166 3922 'veniant

112 3943 147 4009 iu
166 3950 412 4030 conspectum,
434 3938 474 4003 ad
491 3949 723 4025 conspectum:
745 3940 894 4004 similiter
913 3942 1063 4005 lausum
1084 3965 1166 4012 esse.
1219 3943 1228 3963 '²

115 4029 204 4096 Alias
228 4024 415 4104 formulas,
445 4024 545 4090 veluti
566 4047 639 4090 rem
670 4047 740 4089 esse
764 4025 802 4090 iu
825 4025 1057 4098 uadimonium
1081 4027 1168 4115 apud

116 4115 187 4184 (tic.
211 4137 253 4203 p.
280 4111 398 4199 Quint.
416 4111 454 4187 5,
471 4115 524 4178 22.
546 4109 584 4178 in
605 4109 875 4177 controuersiam
898 4135 969 4180 esse
996 4111 1083 4200 apud
1105 4113 1168 4178 Pe·

680 1464 703 1527 ti
734 1463 912 1526 admodum
942 1474 1037 1527 sunt:
1074 1473 1107 1528 ct
1134 1467 1160 1532 ii
1244 1531 1247 1537 Α
1306 1442 1311 1455 .
