2592 4720
196 309 259 375 574
540 345 541 352 1
636 245 781 373 MAGlS.

204 481 207 492 ·
263 459 365 520 Murius
380 457 483 511 urucas
497 465 543 511 est
560 461 646 529 magu
660 472 739 527 pann
761 463 837 512 mnan
852 459 962 514 Mssa
974 425 1073 514 ¹rrrrirna
1087 462 1165 528 ferit.
1204 462 1258 517 Nan

203 569 208 580 ι
266 543 301 597 nd
314 543 418 598 aarum
430 541 600 608 requiremus
614 545 711 613 magis.
1105 591 1108 602 ,

298 643 358 698 hir.
373 641 417 706 34,
434 643 460 708 4,
472 643 497 696 ὃ.
515 645 577 697 hace
595 663 705 716 egoque
719 645 806 700 indier
819 644 955 712 mumque
970 646 1001 697 irs
1016 649 1077 700 dies
1082 653 1211 718 fartum
1222 651 1256 701 ret

262 729 440 828 psalticaepest
461 730 642 798 imperiumque
664 731 749 782 crescit
764 753 808 828 1-
831 746 864 822 en
881 730 941 826 pius
960 731 1069 786 horreo.
1090 732 1149 784 ubi
1167 733 1252 786 eritid

263 815 330 866 olim
343 818 507 878 scripserunt
518 831 566 880 quo
580 817 667 885 magis
680 817 813 886 imperium
826 821 925 866 crescit.

279 951 332 1012 80.
347 947 422 1010 Non
439 947 669 1024 meliorasnnt,
688 920 820 1032 quaeda
834 947 1029 1032 pleonasmo
1046 948 1242 1012 traduntur.

197 1033 409 1100 Grammatici
425 1033 512 1096 enim
530 1055 598 1095 non
619 1033 713 1118 pauci
726 1032 966 1096 demonstrasse
984 1031 1048 1096 sibi
1075 1033 1243 1107 visisunt,

195 1120 340 1193 Latinos,
356 1128 566 1203 acqueiatque
577 1117 717 1182 Graecos
734 1123 854 1198 μᾶλλον,
878 1115 974 1194 eliam
989 1119 1114 1204 magis
1133 1141 1242 1205 appo-

195 1204 297 1268 suisse
323 1203 543 1303 comparativo
569 1213 698 1288 praeter
720 1202 957 1266 necessitatem.
1002 1205 1110 1284 Vide,
1139 1207 1241 1268 omis-

195 1289 240 1354 sis
264 1291 321 1366 iis,
350 1309 412 1374 qur.
433 1287 473 1352 de
495 1309 611 1372 gracco
641 1309 700 1352 usu
727 1287 774 1352 dis
801 1297 952 1368 utarunt,
991 1286 1182 1352 Schotturn
1211 1300 1239 1351 et

152 1392 154 1400 ’
197 1373 396 1461 scaligerum
419 1373 457 1436 ad
484 1372 596 1456 Virgil.
619 1373 689 1441 cut.
710 1377 761 1438 78.
813 1372 1038 1457 aubmaanum
1063 1373 1108 1436 ad
1133 1374 1235 1437 Plant.

195 1459 287 1526 Men.
311 1458 397 1524 Prol.
413 1460 464 1522 55.
484 1459 638 1526 Vossium
663 1457 704 1522 da
727 1456 912 1523 Construct.
934 1461 989 1532 16.Ι
1002 1481 1034 1544 p.
1051 1463 1132 1524 379.
1156 1460 1235 1522 Ber·

193 1565 319 1610 neccer.
334 1543 373 1607 ad
388 1543 506 1607 lustin.
524 1547 555 1619 3,
570 1549 600 1621 2,
616 1548 635 1606 7
639 1549 698 1606 .'et
714 1540 914 1606 Freinshem.
928 1541 1121 1624 *in-Indice,
1146 1545 1234 1608 Geb-

193 1627 573 1707 hard.ad[.ir.5‘,16‚2.v
591 1637 623 1691 et
638 1629 678 1694 ad
696 1631 848 1706 21‚59‚7.
872 1627 1040 1692 Drakenb.
1060 1629 1104 1692 ad
1120 1633 1230 1710 9‚7,5.

193 1713 559 1787 liechnerillallenolex.
573 1711 881 1798 ibiquelleuainger.
915 1717 1006 1776 .167.
1021 1713 1230 1796 Biincmann.

194 1800 234 1864 ad
249 1802 395 1866 Lactant.
410 1795 546 1882 deOpif.
565 1799 624 1862 Dei
644 1803 693 1876 13,
712 1803 743 1861 7.
767 1735 914 1862 Oudend).
928 1797 970 1860 ad
982 1799 1123 1864 Sneton.
1134 1801 1229 1886 Vesp.

150 1922 155 1927 ·
191 1890 245 1950 19.
267 1887 418 1961 Arntzen.
433 1884 471 1945 ad
483 1882 746 1948 Caton.Disticha
761 1886 875 1969 p.8l9·
899 1883 1078 1952 Mencken.
1090 1885 1228 1950 Obserr.

87 2042 94 2052 ⁸
218 1972 307 2034 .597.
326 1969 506 2032 Ruhnken.¹
523 1968 561 2030 ad
571 1967 601 2030 T
603 1991 647 2030 er.
656 1971 733 2032 Hec.
742 1970 773 2046 5,
786 1975 814 2048 1,
825 1974 876 2032 12.
898 1972 940 2030 At
955 1970 1088 2052 utrique
1098 1971 1228 2055 linguae

191 1993 258 2120 doc
273 2075 346 2118 cum
365 2053 433 2118 aliis
451 2067 626 2116 commune
651 2065 717 2133 est,
736 2053 947 2138 utpcrticuls
968 2052 1094 2118 adiecta
1112 2057 1228 2140 expri-

104 2166 106 2170 ·
191 2150 301 2204 matur
316 2138 432 2226 gradus
448 2138 552 2200 multo
568 2140 727 2225 superior.
770 2138 925 2202 Germani
939 2137 1051 2202 dicunt
1073 2139 1129 2204 bei
1145 2144 1225 2205 wei·

89 2253 91 2256 ·
191 2220 422 2313 temgrcsrser,
444 2222 533 2310 quod
557 2233 604 2288 est
627 2224 765 2288 latinum
788 2225 893 2287 multo
917 2225 1039 2288 maior.
1083 2225 1121 2288 ld
1149 2247 1225 2290 vero

85 2349 88 2366 .
191 2313 287 2374 etiam
313 2311 446 2396 antiquo
473 2330 534 2372 usu
556 2309 731 2394 particulae
760 2309 874 2394 magis
907 2319 1037 2394 poterat
1070 2313 1225 2397 exprimi.

193 2396 321 2460 Comici
341 2397 456 2482 igitur,
480 2396 639 2472 Graecos,
662 2406 697 2457 ut
715 2394 856 2471 videtur,
879 2393 1093 2473 imitati‚.hoc
1117 2399 1222 2461 modo

190 2481 320 2566 loquuti
345 2491 437 2560 sunt,
465 2491 560 2566 atque
591 2501 681 2544 nova.
698 2479 879 2544 imitatione
901 2480 1116 2544 recentissimi
1140 2485 1222 2546 scri-

189 2577 313 2653 ptores.
355 2565 392 2629 In
412 2566 614 2650 optimorum
632 2575 740 2628 autem
763 2566 961 2650 scriptorum
984 2563 1075 2628 libris
1100 2565 1221 2632 frustra

191 2651 376 2737 quaerimus
401 2649 565 2733 exempla,
594 2651 847 2735 necquicquam
871 2670 1005 2730 eorum,
1039 2651 1097 2734 qui
1125 2651 1219 2716 aliam

190 2734 233 2798 ob
248 2755 392 2796 caussam
409 2737 676 2818 interposuerunt
699 2735 832 2820 magis,
851 2755 1008 2818 umquam
1032 2735 1118 2800 dixit
1144 2760 1219 2801 mn·

185 2819 245 2906 gis
263 2817 407 2896 clarior,
430 2819 543 2904 magia
565 2818 759 2896 iucundior,
782 2834 842 2884 nec
865 2819 1015 2882 credibile
1043 2831 1111 2900 est,
1134 2824 1218 2906 quod

188 2902 378 2974 Gebhardus
387 2903 590 2988 opinabatur,
607 2905 733 2968 Livium
749 2893 914 2990 scripsisse
930 2907 964 2984 5,Ι
979 2910 1029 2977 16,
1044 2911 1077 2968 2.
1106 2911 1218 2994 magis

186 2989 352 3078 quietiora
366 2989 517 3074 negotia.
561 2990 669 3052 Livius
685 2991 771 3054 en'im
780 3039 790 3071 ,
815 3002 846 3054 et
862 2989 918 3075 qui
936 3001 1010 3054 sunt
1022 2989 1119 3054 istius
1134 3004 1218 3057 acta-

184 3076 244 3153 tis‚
270 3084 346 3162 post
368 3075 622 3159 comparativum
639 3075 757 3143 addere
779 3075 926 3140 solebant
945 3075 1061 3161 magis
1086 3081 1216 3164 exposi-

119 3209 123 3229 ,
184 3161 285 3224 tionis
309 3179 417 3222 caussa
435 3161 496 3239 ita,
517 3170 554 3223 ut
568 3159 662 3224 verba
679 3165 708 3238 9,
723 3165 754 3242 7,
772 3165 802 3224 6.
827 3169 933 3225 essent
947 3163 993 3222 sic
1010 3161 1213 3246 accipienda:

184 3245 322 3310 tristior
334 3243 461 3319 deinde,
470 3245 718 3330 ignominiosae
725 3247 846 3330 pacis,
866 3244 983 3330 magis
997 3266 1102 3332 quom
1118 3249 1215 3332 peri-

184 3331 269 3408 culi,
287 3327 512 3414 nuntiussuit.
549 3329 588 3396 ln
604 3329 672 3394 aliis
687 3329 767 3394 locis
779 3330 894 3417 magis
910 3341 1011 3417 quam
1022 3351 1090 3416 pro
1099 3333 1216 3417 patine

183 3437 286 3501 quom
305 3415 428 3478 dictum
454 3426 517 3494 est,
547 3415 599 3478 cui
622 3415 697 3479 addi
719 3423 847 3502 poterat
868 3418 1123 3501 comparativus:
1152 3440 1215 3504 qua

182 3501 311 3576 ratione
326 3521 393 3564 non
409 3523 510 3587 pauca
530 3501 729 3564 Graecorum
745 3498 894 3587 exempla
910 3500 1112 3586 expedienda
1125 3513 1214 3567 sunt.

116 3593 122 3607 '
184 3581 236 3648 ef.
261 3585 404 3649 Fischeri
430 3586 598 3650 Animadv.
623 3585 663 3649 ad
686 3587 823 3650 Will'eri
846 3587 992 3651 Gramm.
1016 3592 1049 3650 2.
1077 3609 1112 3672 p.
1138 3591 1211 3653 138.

181 3670 381 3744 Posteriores
401 3673 572 3758 scriptores
588 3672 622 3734 in
639 3668 782 3734 formula
799 3684 867 3734 nori
889 3671 1003 3756 magis
1027 3693 1129 3757 quam
1152 3674 1212 3736 ad-

181 3755 340 3820 miserunt
363 3757 620 3842 comparativum
644 3755 806 3842 gravitatis
833 3759 952 3828 caussa.
1003 3755 1067 3820 Sed
1097 3779 1212 3821 recen·

180 3840 298 3905 tissimi
324 3840 455 3904 demum
478 3841 643 3906 redierunt
664 3841 704 3903 ad
728 3841 898 3927 antiquum
916 3857 1034 3918 usum,
1063 3841 1210 3929 adeoque

150 3951 154 3976 f
180 3923 346 4014 duplicem
363 3927 620 4013 comparativum
639 3926 878 3990 coniunxerunt
891 3947 950 4012 per
962 3925 1090 4011 magis.

250 4075 252 4079 .
279 4043 369 4097 Plaut.
387 4045 472 4098 Stich.
486 4045 512 4108 i),
527 4043 553 4109 4,
568 4043 611 4097 22.
629 4045 705 4098 immo
721 4049 787 4099 enim
801 4046 842 4098 iiic
854 4045 989 4114 magicest
1004 4044 1113 4096 dulcius.
1146 4043 1209 4098 Aur.

240 4126 270 4192 ὅ,
280 4127 309 4195 2,
324 4127 351 4184 8.
367 4129 533 4200 itosustitas
546 4146 603 4194 sura
616 4129 725 4214 araur·
737 4129 813 4184 miser
830 4129 922 4200 maga,
938 4145 1017 4198 quom
1038 4128 1108 4182 uus
1126 4129 1210 4181 chae·
