2738 4730
87 506 90 510 ’
208 523 285 568 una
300 519 383 586 qnee

1128 165 1141 202 1

125 349 129 362 ,
200 265 263 334 198
637 247 805 320 lGlTVll.

206 410 376 506 perducit,
386 409 540 560 primum
555 409 666 476 locum
681 414 832 498 occupet,
852 406 1037 474 secundum
1056 418 1179 494 autem,
1197 409 1261 478 ubi
1359 437 1360 444 ¹

408 520 462 562 am
484 497 578 562 notio
603 505 749 585 praestat
766 505 823 559 aut
844 497 1141 582 consequutionem
1164 497 1201 561 in
1226 517 1264 562 se

209 586 323 654 trabit.
373 586 481 667 Atque
503 585 572 673 ipsa
599 581 760 648 sententia
790 581 958 646 interdum
992 585 1141 670 postulat
1169 581 1264 648 hunc

211 673 375 738 ordinem.
418 669 505 734 Nam
530 692 601 733 non
624 667 738 733 eadem
763 677 812 730 est
833 670 936 748 ratio,
966 679 1081 732 utrum
1102 669 1211 734 dicam
1234 669 1267 734 si

211 758 342 846 igitar,
365 777 406 820 44
421 755 615 853 primarium
632 763 763 842 partem
779 753 958 818 sententiae
973 763 1125 852 spectans
1142 755 1268 842 igitar,

93 878 96 884 ·
212 847 324 910 ui-.
368 842 447 906 Non
470 853 540 905 sine
563 861 675 904 caussa
695 840 899 904 Goerenzius
922 839 1097 915 dubitant,
1119 863 1205 904 num
1229 841 1267 905 in
1299 864 1301 867 ·

213 927 475 1016 interrogatione
500 927 627 1016 primus
651 926 743 991 locus
775 925 1021 999 concederetur.
1068 925 1106 990 ln
1129 921 1268 992 crude
1359 963 1360 984 .

86 1053 97 1060 ·
214 1016 285 1082 Fin.
311 1015 348 1093 5,
362 1018 424 1095 30,
440 1017 492 1078 92.
519 1012 623 1076 critici
646 1009 844 1077 substituere
866 1034 970 1098 ergo:
1001 1021 1035 1076 at
1056 1011 1212 1076 meliores
1237 1021 1269 1078 ct

214 1099 353 1188 plurimi
375 1098 505 1164 codices
523 1097 683 1184 praebent
706 1095 836 1182 igitar.-
858 1097 948 1246 quod
973 1117 1078 1184 quum
1103 1119 1269 1185 comparo
1359 1127 1360 1158 ς

217 1208 294 1252 eum
309 1184 391 1250 Phil.
409 1189 440 1261 2,
454 1187 507 1258 37,
523 1186 575 1248 94.
598 1183 656 1246 ubi
671 1182 802 1248 codices
826 1205 866 1248 ex
892 1182 982 1246 ibent
1005 1183 1137 1271 igitar,
1161 1206 1184 1248 a
1202 1206 1267 1270 qno
1359 1193 1360 1222 ³

219 1273 291 1339 vivo
319 1293 380 1336 nea
398 1291 568 1367 praesens
599 1291 661 1336 nee
689 1265 810 1332 444444
840 1268 1025 1356 quidquam
1057 1269 1158 1358 acqui
1188 1267 1269 1334 boni
1359 1259 1360 1350 J

186 1417 189 1422 .
220 1357 437 1442 impetrarat,
460 1353 556 1440 apud
576 1351 874 1442 mortuamfactas
896 1366 946 1420 est
963 1365 1100 1440 gratas.
1125 1355 1272 1420 interro·
1359 1351 1360 1380 ³

221 1442 362 1528 gationis
378 1439 488 1505 forma
507 1442 659 1505 restituta
674 1449 770 1529 atque
788 1440 823 1503 in
840 1440 908 1504 eius
923 1441 1090 1527 principio
1108 1441 1271 1528 particula

224 1527 402 1608 collocata,
428 1527 541 1590 omnia
566 1527 649 1592 bene
674 1525 871 1590 schabest.
915 1527 969 1590 Sic
987 1527 1092 1591 Plaut.
1116 1527 1223 1592 Mero.
1238 1533 1271 1610 2,
1359 1595 1360 1608 J

222 1619 255 1694 8,
278 1618 330 1699 20.
360 1612 470 1699 igitar
491 1612 610 1678 1444144
638 1623 689 1678 eat
724 1612 868 1678 amare?
906 1611 1141 1698 interrogatio.
1159 1623 1273 1679 eutem
1359 1611 1360 1648 f

222 1698 330 1764 brevis
353 1697 398 1762 ita
415 1708 525 1798 potest
550 1721 620 1762 esse
646 1719 720 1762 corn
748 1708 854 1780 arata,
875 1708 913 1762 ut
937 1699 1096 1788 particula
1118 1697 1273 1764 ultimam
1359 1751 1360 1756 1

223 1783 336 1851 sedem
352 1795 475 1872 caprut,
501 1783 590 1849 velut
605 1784 708 1848 Plant.
723 1721 823 1870 lpid.
846 1789 877 1864 3,
896 1786 927 1858 4,
949 1790 1000 1862 63,
1023 1783 1105 1872 qaid
1126 1783 1191 1849 tibi
1212 1808 1274 1850 ne-

221 1871 315 1959 gotii
336 1882 385 1934 est
404 1893 500 1934 meae
524 1869 619 1933 domi
642 1867 778 1957 igitur?
804 1869 872 1935 Cic.
892 1869 932 1934 dc
945 1870 1020 1935 Nat.
1035 1870 1067 1934 4.
1082 1875 1124 1952 3,
1142 1874 1202 1951 17,
1218 1873 1273 1936 43.
1359 1893 1360 1918 t

127 2023 139 2040 ,
224 1957 263 2022 lu·
278 1967 393 2020 antem
407 1978 476 2020 444
491 1965 588 2018 sant:
608 1978 650 2019 ne
665 1952 845 2042 Nymphae
869 1955 1005 2043 quidem
1029 1954 1275 2044 deaeigitnr?

216 2043 310 2108 Nam
326 2040 416 2125 quod
440 2039 479 2104 dc
502 2041 599 2104 tertia
621 2051 653 2104 et
680 2051 796 2127 quarta
820 2050 852 2106 et
879 2043 993 2128 quinta
1017 2041 1094 2107 sede
1119 2041 1273 2107 doctores

226 2125 453 2217 praecipiunt,
482 2125 569 2189 redit
592 2125 632 2188 ad
657 2128 1033 2212 universem'regnlam,
1064 2127 1105 2190 de
1128 2149 1193 2214 qua
1211 2151 1274 2192 nos
1359 2139 1360 2164 ¹

125 2207 127 2214 ’
225 2211 301 2302 plus
316 2212 417 2276 semel
432 2211 563 2298 loquuti
580 2233 703 2276 snmus.
722 2212 838 2298 Neque
851 2215 939 2277 enim
954 2223 1083 2278 tantum
1092 2215 1274 2362 praemisso

226 2297 330 2365 verbo
354 2309 404 2363 est
431 2297 592 2385 particula
616 2299 752 2362 tertium
774 2299 887 2363 locum
909 2299 1055 2382 obtinet,
1116 2321 1276 2385 equare

228 2382 313 2448 dixit
326 2383 459 2449 B'eierns
476 2384 515 2447 ad
531 2383 598 2448 Cic.
616 2382 657 2449 44
677 2383 743 2448 Off.
754 2384 861 2449 Tam.
879 2391 906 2449 1.
930 2408 963 2471 p.
980 2390 1034 2448 21.
1055 2383 1113 2449 444
1135 2395 1217 2472 post
1238 2407 1276 2450 ea

227 2469 404 2552 vocabula,
435 2470 550 2556 quibus
574 2490 639 2533 una
671 2470 830 2557 quaedam
862 2471 955 2535 notio
987 2469 1039 2535 vel
1070 2474 1282 2534 constructio

229 2565 370 2620 constat.
414 2555 526 2634 Quare
542 2554 658 2618 Cicero
680 2577 749 2619 non
772 2553 877 2620 modo
896 2556 1028 2642 scripsit
1054 2555 1147 2621 Orat.
1165 2561 1204 2638 9,
1221 2561 1276 2623 33.

162 2664 169 2674 ’
228 2637 419 2725 referamus
433 2661 495 2702 nos
511 2639 621 2725 igitar
638 2638 687 2703 ad
702 2645 788 2724 eum,
812 2664 909 2728 quem
931 2641 1092 2722 volamus,
1107 2642 1277 2706 44414444·

230 2723 324 2787 dam.
347 2724 403 2788 scd
428 2725 526 2787 etiam
556 2725 648 2788 Verr.
667 2730 703 2798 1,
718 2730 777 2802 32,
796 2729 848 2790 81.
870 2727 949 2792 haic
969 2727 1105 2792 homini.
1120 2728 1277 2812 parcetis

229 2809 352 2896 igitar.
391 2807 434 2874 44
450 2809 520 2874 Fiu.
541 2813 580 2884 2,
598 2815 658 2890 23,
674 2813 727 2875 76.
754 2833 874 2891 eamne
894 2813 1066 2878 rationem
1088 2813 1200 2900 igitar
1223 2836 1280 2877 44-

137 2919 139 2924 ’
229 2917 353 2983 quare.-
383 2915 466 2982 quae
490 2893 608 2960 reddas
629 2895 778 2962 4414144
802 2895 1019 2964 Grandsa'tze
1040 2899 1125 2963 4144.
1167 2897 1280 2963 Nimi-

227 3001 306 3048 rum
332 2979 535 3070 praecedunt
561 2981 738 3064 vocabula,
768 3005 852 3070 quae
882 2985 1058 3050 coniuncta
1084 2984 1281 3070 primariam

228 3066 402 3133 notionem
424 3065 580 3132 efficiunt
621 3067 670 3134 Ita
693 3067 819 3134 facturn
844 3080 972 3150 estfnt
993 3073 1028 3136 in
1053 3069 1162 3135 verbis
1177 3087 1226 3134 ne·
1241 3069 1281 3133 iu.

178 3227 180 3232 ,
230 3154 348 3218 animo
374 3153 510 3252 quidem
534 3154 644 3241 igitur
666 3177 782 3218 sensns
804 3167 968 3221 remanet.
1020 3156 1089 3222 Cic.
1121 3153 1225 3219 Tusc.
1250 3159 1282 3236 1,

230 3240 284 3318 34,
300 3242 352 3302 82.
375 3239 434 3302 4114
449 3240 536 3302 milei
556 3237 687 3303 videtur
703 3240 814 3325 igitar
829 3255 905 3306 vere
924 3240 1111 3330 augurari.
1147 3237 1189 3304 de
1202 3239 1281 3306 Div.

233 3328 263 3401 1,
282 3324 332 3402 15,
349 3328 407 3395 27.
432 3323 659 3404 inhominem
680 3323 863 3396 dicendum
884 3339 934 3391 est
952 3328 1070 3414 igitar.
1106 3347 1141 3414 p.
1163 3325 1281 3390 Flacco

233 3411 291 3488 10,
315 3413 368 3474 23.
391 3407 570 3471 secundam
594 3409 703 3471 sedem
727 3412 887 3496 particula
909 3411 1045 3477 babeat:
1074 3433 1135 3476 nec
1159 3433 1284 3476 nume-

230 3502 349 3558 rantur
371 3493 620 3556 coniunctiones
635 3504 668 3556 ct
688 3498 951 3582 praepositiones
970 3497 1200 3578 adhaerentes,
1227 3519 1285 3562 ve-

231 3576 282 3641 lut
302 3577 334 3640 in
359 3579 459 3642 Tusa.
477 3582 554 3657 1,6,
572 3584 623 3657 12,
648 3581 730 3666 qaid
753 3581 840 3646 dicis
863 3580 998 3669 igitur?
1020 3582 1163 3647 441114.
1180 3587 1214 3666 2,
1230 3583 1284 3661 64,

174 3688 176 3696 ’
235 3667 308 3727 132.
323 3663 407 3749 qaid
420 3687 473 3727 me
488 3663 599 3750 igitar
615 3666 755 3732 mones?
779 3669 945 3750 ncc'quod
961 3664 1036 3733 culn
1052 3669 1190 3733 nomine
1205 3668 1284 3745 coit.
1359 3687 1360 3740 l

231 3747 371 3813 verbnm
397 3749 655 3833 substantivum,
685 3753 774 3817 uelut
797 3754 837 3820 44
861 3754 933 3820 nin.
956 3757 996 3836 4,
1020 3759 1080 3834 27,
1104 3755 1156 3818 75.
1170 3753 1285 3839 paria

233 3844 313 3896 sant
338 3832 459 3918 igitar.
501 3833 599 3900 Tusc.
625 3842 662 3911 1,
687 3839 744 3915 14,
768 3845 821 3922 32,
843 3862 929 3926 quae
955 3838 1149 3905 4414441444
1173 3839 1288 3937 igitar

233 3917 272 3982 ia
291 3918 466 3997 hemmam
477 3942 606 4007 genere
630 3923 785 3991 natara?
826 3923 951 3994 44011.
969 3931 999 4012 1,
1018 3929 1068 4004 14,
1087 3925 1141 3991 43.
1163 3921 1289 3993 ardea·

181 4006 185 4019 '
235 4002 381 4101 (14444441
400 4005 522 4092 igitar.
