2680 4746
222 257 286 322 600
653 245 841 314 ΜΔΧΙΜΕ.

225 397 375 466 maxim
391 399 427 464 in
442 419 545 466 uuum
558 399 753 464 vccabulum
769 396 1056 481 coniungerentur,
1074 397 1202 481 unique
1215 419 1264 462 ae·
1298 408 1306 459 .‘

227 487 336 551 ceutui
351 485 632 552 cubmittereutur.
673 484 759 549 Nam
782 504 849 569 quo
871 491 969 569 pacto
993 479 1211 566 Spaldingius
1231 482 1265 546 ad

158 593 167 608 ’
229 568 369 654 Quintil.
383 573 416 646 6,
433 577 462 650 1,
480 575 533 635 23.
556 571 733 658 ellipticam
748 579 899 643 naturam
915 565 1012 629 huius
1028 565 1193 629 dictionis
1214 589 1266 630 ue·

228 653 370 753 paverit,
400 654 433 717 id
457 665 616 741 exputare
644 677 713 720 non
742 673 891 742 poenum.
946 650 1069 716 81111111
1091 671 1198 726 vero,
1220 653 1265 736 qui

228 749 333 818 mest,
354 737 439 803 redit
453 749 486 803 et
501 739 542 803 ad
560 739 746 805 distinctam
765 739 812 802 rei
828 746 918 801 actae
933 733 1169 800 definitionem
1190 737 1264 800 etad

231 821 503 890 affirmationem:
533 846 612 889 nam
642 825 840 910 exprimitur
868 820 939 886 fieri
963 829 1021 882 aut
1049 819 1178 884 factam
1206 844 1264 885 rem

230 909 301 974 ease
317 929 356 970 eo
371 908 494 981 modo,
517 931 583 996 quo
603 907 746 974 maxime
766 907 823 972 fiat
844 915 900 970 aut
922 902 1008 968 faeta
1029 906 1085 969 ait.
1128 905 1266 970 Relatira

229 992 310 1058 haec
328 991 438 1058 forma
455 992 524 1058 fere
538 993 622 1059 nihil
638 994 726 1058 aliud
743 992 933 1068 constituit,
954 1011 1057 1074 quam
1075 991 1192 1075 ipsam
1213 1013 1266 1054 no-

229 1078 356 1145 tionem
371 1079 521 1144 vocabuli
538 1079 703 1157 muxime,
726 1089 758 1142 et
782 1097 882 1164 quum
903 1075 1054 1159 maxime
1078 1097 1184 1161 saepe
1208 1097 1267 1140 nou

146 1167 155 1176 ’
231 1160 348 1226 differt
362 1162 401 1226 ab
417 1164 583 1243 maxime,
603 1165 667 1228 nisi
681 1163 805 1227 maiore
823 1159 964 1246 quadam
980 1160 1029 1240 vi,
1054 1181 1163 1245 quam
1181 1161 1267 1226 etiam

229 1247 328 1312 uerba
345 1269 446 1332 quom
462 1249 610 1316 maxime
626 1247 758 1312 habent.
800 1245 907 1310 Veluti
927 1266 1029 1329 quum
1043 1245 1205 1310 maxime
1220 1269 1267 1309 oo-

230 1331 276 1398 lo.
321 1331 501 1418 Temporis
517 1334 602 1398 ratio
623 1332 764 1412 aceedit,
788 1343 820 1396 et
838 1327 1019 1418 plurimum
1035 1329 1137 1393 vaiet.
1185 1331 1267 1410 Qua·

228 1437 267 1482 re
291 1415 347 1480 ubi
372 1437 409 1482 ea
431 1417 470 1480 ad
503 1439 654 1504 praesens
687 1418 846 1501 refertur,
883 1413 1015 1480 additur
1042 1437 1160 1478 nunc.-
1190 1439 1268 1479 nunc

229 1521 331 1587 quum
352 1502 512 1568 maxime.
557 1503 621 1568 Sed
648 1503 804 1588 quoniam
826 1498 880 1579 id,
910 1498 1000 1586 quod
1027 1499 1268 1586 inpraesentia
1325 1569 1326 1584 ,

230 1595 385 1670 upparet,
416 1588 493 1652 satia
517 1597 566 1652 eat
589 1587 770 1652 distinctius
798 1585 995 1664 monstrari,
1024 1585 1144 1649 omitti
1169 1596 1268 1672 potest
1326 1602 1327 1626 ³

229 1691 337 1745 nunc,
358 1671 453 1736 ticuti
477 1671 636 1746 Germani
659 1671 740 1738 eben
762 1670 873 1734 dicunt
898 1691 961 1760 pro
986 1665 1069 1732 ehem
1092 1670 1175 1748 ieet.
1215 1675 1268 1734 At-

123 1749 135 1773 *
230 1742 294 1838 qde
316 1753 380 1819 hoc
396 1756 499 1821 modo
523 1755 577 1832 111,
601 1767 638 1822 ut
660 1777 759 1844 prium
777 1756 924 1820 maxime
945 1754 969 1818 i.
985 1775 1014 1818 e.
1037 1754 1104 1820 lucc
1127 1757 1268 1819 1111111111

229 1848 380 1924 tempore
409 1845 434 1908 si
459 1840 589 1905 nificare
619 1843 765 1906 videatur
793 1863 901 1919 nunc,
959 1836 1026 1902 uod
1058 1861 1136 1903 non
1167 1841 1269 1928 ipsum

229 1922 400 2009 significat.
437 1866 636 1990 1111111111
654 1925 734 1992 haec
755 1925 871 2012 opinio
894 1861 1080 1988 midtorum
1105 1945 1268 2010 gramma·

229 2007 393 2089 ticorum,
416 2011 561 2084 Graevii,
584 2032 682 2096 quem
698 2011 770 2076 vide
788 2011 828 2074 ud
849 2009 917 2072 Cic.
938 2008 979 2072 de
995 2005 1062 2072 Off.
1080 2013 1115 2087 2,
1130 2015 1167 2075 7.
1191 2011 1267 2074 etad

229 2089 388 2178 upon-1,
404 2098 435 2158 9.
460 2105 492 2158 et
516 2095 557 2159 ad
581 2096 718 2160 Sueton.
741 2097 842 2160 Dom.
868 2099 918 2158 10.
959 2090 1197 2180 Zinserlingii,
1222 2097 1269 2181 qui
1331 2118 1332 2140 ³

231 2175 271 2238 de
287 2174 348 2240 huc
364 2179 520 2264 particula
535 2191 644 2244 totum
660 2191 756 2267 caput
772 2186 825 2245 22.
855 2179 989 2245 luveuil.
1004 2178 1177 2243 Promuls.
1196 2203 1269 2243 con·
1332 2257 1333 2260 Ἴ

228 2260 370 2346 scripsit.
411 2263 771 2330 Dixe1·untdeha01e
795 2264 892 2328 etiam
917 2263 1066 2328 Rheoau.
1093 2273 1128 2326 et
1154 2265 1269 2330 Acidal.
1333 2345 1334 2348 Ἴ

230 2346 269 2409 ad
289 2346 396 2410 Tacit.
413 2349 497 2412 Hist.
515 2356 551 2429 1,
567 2355 620 2416 29.
639 2357 679 2429 8,
694 2353 726 2414 4.
748 2349 872 2415 Duker.
894 2347 934 2412 ad
952 2347 1043 2424 utar.
1061 2352 1106 2416 2.
1128 2354 1184 2414 16.
1207 2351 1270 2414 Ou-

232 2430 362 2495 dendor
388 2434 451 2496 .ad
467 2433 615 2500 Frontin.
632 2442 663 2512 2,
679 2439 710 2512 9,
725 2437 756 2498 6.
776 2435 808 2514 4,
825 2439 854 2511 5,
872 2437 903 2496 2.
929 2432 967 2496 ad
986 2433 1080 2498 Gaea.
1095 2433 1183 2498 Bell.
1201 2436 1268 2519 gall.

231 2519 327 2600 7,47.
359 2453 925 2605 1111111311(111111111113.
968 2515 1144 2582 Ernestiua
1170 2531 1269 2584 autem

231 2621 334 2682 quum
350 2601 479 2665 vidisset
495 2625 594 2688 quum
608 2604 755 2669 maxime
771 2625 837 2668 non
855 2624 952 2690 posce
969 2599 1171 2688 significare,
1188 2603 1269 2690 quod

231 2683 278 2748 itti
298 2683 421 2763 volunt,
443 2707 542 2768 nunc,
564 2691 596 2752 in
613 2689 703 2752 Clavi
721 2690 870 2753 Ciceron.
887 2709 920 2774 p.
935 2692 1009 2752 434.
1028 2686 1115 2751 bene
1133 2689 1270 2755 demon-

230 2766 354 2845 stravit,
371 2767 424 2830 11111
442 2769 540 2835 verbu
555 2772 589 2836 in
605 2773 717 2838 multis
734 2773 813 2838 iocis
829 2771 1005 2852 commode
1019 2772 1162 2856 quidem
1181 2796 1270 2862 posse

230 2871 292 2936 per
314 2873 403 2922 11111111
427 2854 597 2941 explicari,
625 2879 694 2922 non
717 2869 825 2922 autem
848 2855 951 2922 idem.
965 2855 1167 2940 significare.
1210 2859 1271 2924 Nec

203 2946 340 3008 ,tamen
366 2938 400 3006 111
431 2940 566 3026 singuiis
592 2943 674 3008 locis
702 2941 901 3030 explicandis
929 2939 1028 3006 firmo
1054 2943 1152 3028 pede·
1182 2945 1269 3014 ince-

232 3021 298 3098 dit,
320 3022 375 3086 eed
392 3025 551 3092 omissum
566 3038 661 3116 putat
676 3038 731 3104 ut,
755 3029 848 3112 quasi
862 3027 922 3106 sit,
945 3035 981 3088 ut
1004 3047 1108 3111 quum
1130 3029 1270 3092 maxime

229 3103 283 3174 vel
298 3110 364 3191 quo
381 3117 532 3197 tempore
557 3113 719 3192 maxime,
741 3123 774 3175 et
789 3112 908 3176 alienas
926 3110 1078 3174 notiones
1102 3114 1269 3178 admiscet.

205 3231 207 3242 ι
230 3189 316 3256 Eum
332 3194 486 3278 ¹requitur
507 3205 645 3281 uterquc
672 3196 891 3274 Schwaruiue,
913 3194 993 3260 ulter
1014 3198 1055 3258 ad
1081 3197 1270 3266 Mamertin.

230 3275 348 3364 Paneg.
363 3281 396 3343 2.
411 3277 492 3342 alter
509 3281 676 3346 Conrudus
701 3281 736 3346 in
751 3279 942 3367 Appendice
964 3279 1159 3346 Turselliuo
1185 3284 1271 3352 adio-

231 3369 303 3433 cto,
327 3361 383 3458 qui
400 3363 558 3452 originem
575 3365 740 3430 formulae
757 3363 915 3446 fortpito,
939 3374 974 3427 ut
991 3367 1055 3441 ait,
1076 3368 1273 3431 coniunctae

197 3494 201 3502 .
231 3456 358 3529 quaerit
373 3447 408 3514 iu
422 3451 668 3534 graccicverbis
683 3445 733 3514 1111
747 3445 880 3532 pitture,
896 3471 1068 3535 quaecum
1087 3446 1135 3516 dn
1147 3449 1272 3534 μάλιστα

230 3527 416 3597 confudisse
432 3534 570 3599 videtur.
614 3536 793 3614 Quomodo
808 3545 916 3600 uutem
933 3536 1123 3600 coniunctio
1138 3538 1180 3601 1111
1199 3561 1274 3602 ver·

211 3612 311 3684 'bum
328 3618 486 3681 omissum
511 3618 691 3696 referatur,
713 3641 811 3684 nemo
835 3620 910 3683 satis
936 3620 1123 3685 declaravit.
1168 3621 1272 3688 Intel-

189 3733 191 3737 ·
228 3697 342 3785 ligitur
364 3703 450 3766 enim
469 3703 603 3768 verbum
628 3727 669 3768 ex
691 3706 776 3788 ipsa,
798 3725 880 3790 quae
898 3706 1116 3791 proponitur,
1139 3719 1274 3773 sentcn-

228 3784 284 3849 tiu.
328 3786 435 3850 Veluti
451 3789 537 3873 apud
554 3789 621 3853 Cic.
638 3789 677 3853 dc
693 3789 758 3853 Off.
776 3795 808 3868 2,
827 3795 857 3868 7,
873 3794 925 3854 28.
948 3812 1045 3876 quem
1059 3791 1273 3880 (tyranuum)

229 3867 338 3935 omia
353 3891 516 3958 oppressu
526 3874 670 3960 pertulit
686 3874 811 3938 civitae
822 3885 987 3960 paretque
1004 3897 1106 3963 quum
1122 3880 1274 3944 maxime

228 3965 373 4019 mortuo.
397 3968 548 4036 nonest,
569 3969 605 4021 ut
619 3959 893 4044 interpretantur,
915 3981 1014 4037 nuuc,
1035 3981 1156 4048 neque,
1183 3961 1273 4048 quod

191 4059 194 4064 ·
227 4036 395 4108 umerum
410 4044 584 4130 exposuit,
606 4062 689 4130 quaa
704 4053 798 4130 paret
813 4051 947 4110 mortuo
962 4043 1031 4125 ita,
1046 4056 1083 4109 ut
1100 4067 1170 4134 quo
1185 4059 1273 4119 tam-
