2738 4730
198 331 264 394 sao
610 304 614 313 '
691 312 750 378 ΙΝ·

265 480 285 534 i,
301 493 328 535 e.
345 469 441 526 tabula
455 467 517 524 tuta.
553 463 746 532 0011111214.
768 464 928 518 diuersurum
951 482 1014 518 cero
1032 481 1120 519 rerum
1135 466 1161 519 iu
1183 467 1262 522 ruodo

254 579 361 618 *caussa
378 571 422 610 est.
458 553 528 608 Ptin.
543 551 615 605 ssiat.
633 569 659 604 n.
679 549 722 616 19,
738 550 765 616 8,
782 547 826 602 49.
843 551 984 621 degustare
997 552 1076 604 etiam
1095 551 1192 621 religia
1213 561 1261 616 est,

242 647 297 704 'ut
312 644 408 700 calidis
423 640 509 711 patius
522 640 550 691 iu
563 639 618 690 cilo
632 639 693 690 siut.
763 648 767 653 “
1114 657 1115 660 ’

286 786 336 847 18.
358 776 422 844 Sed
441 775 539 838 etiam
554 774 590 836 in
611 768 853 857 componendis
877 771 1069 837 nominibus
1090 771 1260 838 interdum

200 867 323 942 Latini.
339 863 434 929 sicuti
450 861 503 926 alii
519 857 646 946 populi,
669 856 951 944 praepositionem
968 856 1181 940 adhibebant,
1205 861 1259 928 ubi
1368 906 1369 919 .

201 957 250 1022 vcl
269 949 490 1019 nominativus
506 945 558 1010 vel
575 943 736 1031 genitivus
757 941 930 1027 ponendus
947 953 1026 1007 erut,

232 1091 241 1100 ”
312 1073 410 1125 celans
429 1068 457 1134 2,
471 1065 515 1118 13.
535 1064 559 1118 si
575 1071 666 1117 acutus
684 1065 788 1116 aurbus
802 1070 855 1126 est,
873 1063 939 1116 sieut
956 1065 985 1116 iu
1006 1063 1117 1116 cholera,

302 1155 418 1237 Celsus,
437 1167 483 1238 qni
500 1167 526 1232 1,
537 1167 562 1222 3.
579 1167 688 1221 dixerat
703 1167 828 1238 grauitas
843 1166 945 1246 cupitis,
966 1166 1078 1253 scripsit
1094 1165 1129 1231 4,
1146 1166 1175 1218 2.
1192 1185 1259 1236 gru·

268 1261 336 1312 uitas
356 1259 384 1310 ia
409 1256 503 1324 eapite.
538 1252 655 1321 Quintil.
669 1251 702 1318 8,
718 1250 813 1334 3,,56.
836 1252 950 1305 auruum
969 1253 1158 1322 ineloquentia
1180 1253 1259 1306 uitiu-

267 1362 326 1396 ruru
342 1343 490 1412 pessimum.

284 1482 334 1542 19.
360 1477 403 1538 Vt
419 1473 621 1562 significetur
638 1473 783 1560 aliquem
806 1495 878 1540 esse
903 1472 1103 1538 vestimentis
1129 1471 1181 1538 vel
1203 1496 1258 1537 ar-

198 1563 262 1628 mis
283 1563 333 1626 vel
356 1583 500 1650 persona
523 1560 697 1640 indutum,
728 1560 856 1641 Latini,
882 1559 938 1646 qui
964 1563 1260 1646 anteapraeposi-

198 1650 427 1715 tionemcnm
449 1645 501 1712 vel
526 1645 603 1711 alias
628 1668 754 1733 ponere
778 1645 948 1722 solebant,
978 1655 1056 1732 post
1088 1645 1259 1709 Ciceronis

197 1734 465 1821 temporaetiam
489 1731 527 1796 iu
553 1731 762 1820 usurpabant.
805 1731 902 1794 Vnde
918 1727 1045 1794 factum
1064 1740 1130 1805 est,
1155 1741 1194 1794 ut
1218 1733 1257 1796 iu

198 1821 307 1885 armis
329 1820 369 1885 de
392 1828 536 1896 armato,
560 1817 598 1882 iu
621 1827 728 1898 veste,
750 1816 787 1881 iu
812 1817 931 1894 villis,
953 1826 985 1880 et
1003 1815 1043 1878 ab
1062 1817 1135 1904 ipso
1154 1817 1252 1881 Cice-

195 1928 279 1970 rone
292 1908 330 1970 iu
344 1927 493 1992 persona
511 1905 551 1966 de
567 1914 759 1990 personato.
784 1924 849 1990 pro
868 1899 929 1977 sub
939 1924 1101 1988 persona,
1126 1902 1256 1967 dicere-

129 2051 136 2063 ,
197 2002 263 2057 tur.
307 1991 415 2055 Etiam
434 1990 567 2054 Graecis
588 1988 624 2051 in
646 1987 711 2052 hoc
731 2009 792 2050 usu
818 1997 888 2052 erat
910 1989 954 2052 ἐν.
993 1987 1059 2053 vid.
1083 1988 1260 2053 Hemster-

196 2075 271 2141 hus.
286 2077 326 2140 ad
343 2075 507 2162 Aristoph.
524 2073 610 2138 Pint.
628 2095 661 2222 p.
680 2076 754 2139 479.
778 2075 924 2138 Gronov.
945 2073 1206 2162 adsenescunt.
1227 2083 1257 2152 1,

196 2163 272 2228 558.
302 2161 495 2226 Broukhus.
522 2157 563 2223 ad
587 2157 630 2224 Ti
657 2159 713 2226 ult.
739 2165 777 2238 1,
797 2164 835 2238 9,
856 2165 908 2224 70.
931 2158 1189 2225 Drakenborch.
1215 2161 1259 2225 ad

198 2247 258 2311 Sil.
275 2251 313 2328 2,
335 2252 407 2312 132.
432 2245 614 2312 Burmann.
642 2245 682 2308 ad
707 2246 847 2325 Quintil.
872 2246 1109 2310 Declamare.
1131 2269 1166 2333 p.
1183 2249 1258 2318 549.

202 2333 296 2398 Cort.
315 2333 354 2398 ad
371 2333 492 2396 Lucan.
504 2333 618 2412 5,345.
642 2331 683 2395 ad
700 2331 832 2395 Sallust.
852 2331 996 2412 (111187,
1015 2335 1046 2395 6.
1070 2329 1257 2397 Burmann.

195 2417 236 2484 ad
254 2419 377 2484 Lucan.
396 2424 426 2500 1,
443 2419 517 2484 493.
543 2423 574 2498 8,
594 2420 667 2482 184.
696 2418 736 2482 ad
755 2417 892 2482 Sueton.
910 2418 1002 2482 Caes.
1020 2423 1052 2482 6.
1079 2429 1112 2482 et
1128 2419 1169 2482 ad
1185 2419 1259 2483 Val.

195 2503 300 2570 Flacc.
323 2513 355 2585 5,
377 2507 452 2569 849.
473 2501 664 2568 Broukhus.
689 2503 729 2567 ad
748 2505 900 2592 Propert.
924 2505 955 2578 4,
980 2509 1011 2584 2,
1037 2507 1091 2568 28.
1117 2504 1259 2569 Ouden-

132 2653 136 2660 ,
197 2585 296 2676 dorp.
321 2591 359 2654 ad
392 2591 514 2653 Lucan.
542 2597 579 2665 1,
602 2591 677 2652 423.
712 2598 744 2652 et
766 2589 808 2652 ad
832 2589 967 2653 Sueton.
992 2591 1083 2654 Caes.
1100 2593 1130 2655 6.
1155 2591 1257 2654 Wei-

195 2675 298 2738 ahert.
329 2673 370 2737 ad
397 2673 468 2737 Val.
493 2673 597 2737 Flaec.
622 2677 661 2752 8,
691 2678 762 2737 136.
796 2675 990 2762 Heusinger.
1021 2675 1063 2740 ud
1089 2669 1258 2741 vechner.

195 2759 323 2835 Hellen.
343 2782 374 2845 p,
390 2759 464 2822 550.
487 2757 531 2822 cf.
548 2757 653 2844 Sitlig.
670 2758 711 2822 ad
732 2760 845 2846 virgil.
862 2761 929 2826 Cir.
945 2765 1020 2829 251.
1043 2761 1170 2826 Heinsii
1184 2761 1252 2828 Ad⁴

48 2871 78 2920 ι,
193 2859 277 2910 vers.
326 2848 430 2908 .382.
536 2875 543 2926 χ

296 2868 408 3018 gaeson.
418 2959 498 3022 vitel.
514 2960 539 3016 8.
557 2968 588 3015 ut
601 2968 660 3015 erat
676 2963 705 3014 iu
719 2969 787 3016 ueste
801 2953 950 3032 danaesliea.
985 2964 1066 3019 Ouid.
1080 2967 1139 3020 Art.
1155 2984 1209 3021 am.
1228 2969 1273 3039 2„

259 3047 319 3102 291.
335 3052 389 3102 siue
403 3049 454 3102 erit
468 3048 495 3099 ia
512 3047 599 3116 Tyriis
613 3075 647 3088 —
667 3049 720 3100 siue
736 3049 784 3102 erit
803 3049 833 3102 iu
856 3052 922 3104 Cois.
956 3050 1068 3115 Sueten,
1092 3052 1184 3122 celig.
1208 3051 1254 3104 52.
1363 3055 1365 3071 “

147 3137 150 3148 ’
261 3135 403 3204 aliquando
419 3134 544 3187 sericatus
557 3139 583 3185 et
593 3135 749 3214 cycladatus,
765 3152 798 3187 aa
812 3136 887 3188 mado
903 3136 932 3187 iu
946 3135 1057 3205 crepidis
1066 3137 1105 3190 uel
1112 3138 1255 3201 cothurnis,

257 3221 333 3270 moda
349 3219 377 3269 ia
390 3217 565 3286 speculatoria
581 3215 695 3290 caliga.¹
715 3217 774 3273 rat.
789 3219 882 3272 Flucc.
897 3218 923 3284 1,
938 3217 999 3274 840.
1018 3239 1063 3274 seu
1081 3223 1149 3274 uerit
1163 3223 1189 3273 ia
1204 3225 1255 3275 uit-

260 3303 296 3354 tis
320 3308 441 3367 castaque
460 3299 490 3351 iu
513 3307 580 3352 ceste
596 3303 723 3353 sacerdos.
755 3301 788 3366 1,
806 3301 867 3356 041.
888 3306 984 3358 subitus
1006 3307 1099 3373 trifida
1117 3307 1254 3375 Neptunus

258 3384 389 3437 inlausta.
424 3379 456 3446 5,
477 3379 540 3433 403.
557 3383 710 3450 pariterque
733 3386 784 3437 leui
809 3390 939 3456 Cytisorus
961 3389 990 3441 ia
1014 3393 1100 3444 bustu.
1132 3389 1166 3456 4,
1189 3388 1254 3444 251.

199 3481 207 3501 ²
259 3466 361 3532 8,132.
383 3464 452 3519 Stat.
467 3461 556 3516 Theb.
572 3462 600 3528 1,
617 3464 677 3517 669.
695 3465 722 3530 4,
736 3467 798 3520 221.
819 3471 910 3524 Valet.
921 3471 1013 3527 Illaec.
1030 3474 1055 3539 4,
1068 3473 1134 3536 ’,094
1151 3490 1153 3498 ¹
1172 3477 1255 3530 Cam-

227 3593 229 3598 ,
255 3569 332 3621 pesus
348 3553 391 3604 lu'o
404 3551 494 3620 spoliis
510 3551 538 3600 iu
553 3551 670 3620 tigridis.
706 3552 739 3616 8,
763 3553 823 3608 136.
844 3558 903 3609 ltine
918 3558 1009 3609 subitis
1029 3560 1131 3627 inflexit
1150 3561 1179 3611 iu
1204 3579 1256 3613 ur-

254 3627 314 3686 rais.
356 3635 434 3706 virg.
457 3635 525 3687 Aen.
549 3632 584 3699 3,
605 3633 666 3688 595.
689 3641 782 3707 patriis
805 3643 842 3694 ud
861 3641 967 3694 Troiam
988 3643 1081 3694 missus
1106 3645 1133 3694 iu
1157 3647 1256 3700 armis.

254 3717 287 3782 a,
304 3715 347 3773 ar.
364 3721 486 3776 torridus
504 3721 530 3771 u
547 3708 662 3774 tuente.
681 3721 790 3775 'Tinutt
805 3723 839 3788 1¹,
856 3723 889 3788 s,
904 3723 947 3776 so.
972 3727 1000 3778 a.
1015 3726 1077 3777 taxa
1092 3727 1156 3794 quaa
1176 3730 1257 3784 iuvas

254 3819 309 3854 esse
334 3812 409 3873 toga.
451 3805 493 3858 De
515 3803 606 3884 verbis
634 3807 662 3857 iu
684 3809 765 3861 armis
789 3808 853 3861 vide
876 3809 986 3881 Duker.
1011 3810 1046 3862 ad
1065 3811 1142 3862 Flos.
1172 3813 1254 3878 1,1‚

255 3883 298 3938 15.
315 3887 576 3943 Bralreubadbiv,
590 3889 618 3954 9,
632 3889 715 3954 315.
749 3893 857 3961 Apulei.
873 3893 942 3947 Met.
950 3893 976 3946 3.
994 3913 1022 3962 p.
1038 3892 1150 3960 13131.
1168 3913 1254 3963 muas

252 3973 428 4026 succiderent
448 3974 475 4025 iu
493 3979 578 4041 serra.
608 3974 656 4026 ubi
675 3975 807 4030 Pricaeus
830 3995 857 4045 p.
874 3975 934 4030 lta.
977 3981 1020 4032 De
1042 3979 1135 4032 verbis
1159 3982 1187 4033 iu
1207 4003 1256 4036 ve-

252 4056 336 4108 stitus
352 4074 404 4110 esse
426 4054 599 4125 Oudendorp.
624 4059 659 4110 ad
674 4061 780 4127 apulei.
795 4063 863 4117 Met.
884 4081 911 4132 p.
926 4061 986 4117 136.
1021 4064 1097 4120 carr.
1114 4064 1148 4128 3,
1169 4063 1206 4129 3,
1226 4053 1256 4122 4.
1361 4026 1364 4035 Ι

252 4141 281 4192 ia
296 4142 396 4210 persico
411 4149 435 4228 et
448 4132 558 4212 uulgari
571 4143 687 4216 babitu„
767 4171 770 4176 ·
864 4213 871 4235 .
