2738 4730
199 236 264 300 eoo
641 225 800 298 ulcus.
823 205 829 222 .

205 397 297 466 sent,
328 395 438 452 toturn
467 383 665 451 vocabulum
695 403 738 452 ex
768 381 911 449 solemni
943 381 1086 469 quadam
1107 381 1260 467 formula

204 472 366 565 prodiisse
380 473 414 538 in
428 493 524 538 usum
539 471 719 560 vulgarem.
761 467 799 534 In
816 493 856 534 eo
873 490 952 534 voro
968 472 1036 534 iam
1053 479 1260 548 veteresvo-

206 560 361 626 cabulum
380 559 425 622 its
441 568 646 642 tractarunt„
663 557 760 646 quasi·
781 578 823 622 ex
848 556 899 628 ire
923 565 957 628 et
978 556 1058 626 ticet
1084 557 1260 645 composi-

206 657 281 712 tum
297 654 392 712 esset.
435 643 510 714 vid.
531 666 566 714 n.
582 650 614 715 2.

294 807 324 866 1.
353 800 499 866 Primam
524 824 560 866 ac
582 798 755 890 propriam
780 796 1054 888 significationem
1076 796 1261 865 verborum

207 887 224 954 a·
245 887 326 953 licet
341 887 375 950 iu
397 881 553 954 formulis
577 886 798 975 conspicimus
818 885 1064 974 antiquissimis.
1106 884 1261 948 Donatus

209 979 298 1039 enim
313 973 354 1038 ad
367 969 502 1040 Terent.
521 973 665 1042 Phorm.
683 977 712 1052 1,
729 972 760 1048 4,
774 975 824 1034 31.
848 993 981 1057 semper
1003 969 1132 1039 ilicet
1145 965 1262 1056 finem

208 1061 264 1140 rei
281 1055 478 1159 significat,
497 1067 536 1124 ut
559 1071 704 1124 ustum
725 1067 800 1122 est.
844 1056 902 1121 Sic
929 1055 1060 1122 iudices
1082 1056 1126 1122 cle
1143 1055 1262 1118 conci·
1351 1083 1352 1100 2

209 1145 257 1210 tio
286 1143 565 1225 dimittebantur,
592 1165 753 1232 suprema
777 1141 997 1232 discoquunt
1015 1163 1148 1228 praeco
1174 1147 1277 1226 pro-'
1351 1151 1352 1222 t

209 1232 402 1296 nuntiasset
425 1229 573 1305 ilice-t,
606 1229 696 1316 quod
722 1227 976 1314 significut‘ire
998 1227 1090 1294 licet.
1134 1225 1261 1290 Eadem
1351 1247 1352 1304 ;

210 1316 284 1381 fere
300 1317 341 1380 ad
355 1317 472 1384 Heaut.
490 1318 520 1391 5,
537 1321 569 1394 2,
584 1321 637 1384 20.
664 1326 696 1380 et
706 1314 837 1382 Servius
850 1315 894 1378 ‘ad
914 1314 1027 1403 Virgil.
1042 1317 1123 1384 Aen.
1138 1317 1170 1392 2,
1187 1313 1262 1375 424.
1290 1317 1292 1323 '
1351 1307 1352 1342 l

209 1401 326 1487 Neque
343 1401 422 1467 alius
440 1412 509 1466 erat
524 1425 598 1464 mos
615 1403 649 1466 in
667 1398 833 1467 sacrificiis
857 1411 888 1465 et
907 1398 1079 1466 funeribus
1103 1398 1261 1486 peractis:
1351 1449 1352 1472 ,

149 1549 153 1554 .
182 1487 301 1572 „quod
325 1496 439 1560 narrat,
459 1486 547 1550 idem
573 1488 705 1564 Servius
730 1485 771 1550 ad
797 1485 913 1574 virgil.
936 1489 1016 1550 Aen.
1032 1491 1064 1566 6,
1080 1489 1154 1550 216.
1173 1492 1205 1547 et
1221 1481 1261 1546 ad

211 1579 250 1652 6,
275 1577 351 1636 231.
400 1569 597 1636 Nouissima
626 1572 726 1639 verbu
759 1571 840 1635 haec
868 1570 1030 1638 vocantur
1060 1592 1079 1636 a
1111 1568 1278 1658 virgilio.

210 1657 312 1732 Cani.
330 1655 487 1746 Schegkii
502 1657 682 1760 Praemness.
699 1657 804 1750 Epist.
822 1661 854 1726 9.

296 1816 329 1878 2.
356 1812 421 1878 Sed
437 1821 530 1880 extra
545 1809 709 1877 solemnes
723 1810 806 1876 ritus
821 1809 888 1876 hoc
912 1808 1015 1874 modo
1039 1806 1262 1894 loquebantur

210 1896 253 1976 ii,
285 1898 342 1984 qui
371 1898 604 1964 discedendum
630 1919 699 1960 esse
724 1907 757 1962 et
779 1919 849 1965 rem
884 1907 991 1963 actam
1024 1893 1263 1982 significabant.

212 1983 325 2061 Quare
339 1982 481 2048 refertur
498 1993 531 2046 et
552 1981 591 2047 ad
609 2005 787 2069 personam
803 1983 888 2060 eius,
909 1982 966 2070 qui
981 1981 1149 2072 loquitur,
1174 1990 1209 2047 et
1224 1981 1263 2046 ad

211 2068 349 2138 alteram
366 2091 565 2156 personam,
590 2077 627 2133 ut
645 2069 755 2137 sitire
772 2070 805 2134 ei
819 2069 909 2135 licet.

315 2194 408 2250 Plani.
428 2195 511 2252 Truc.
534 2195 568 2261 2,
592 2193 626 2261 7,
648 2193 692 2252 35.
716 2197 794 2252 ilicet.
820 2195 840 2252 i.
863 2213 887 2250 e.
909 2212 1008 2249 ,eamus
1027 2197 1108 2250 nuno.
1152 2191 1264 2249 Terent.

280 2279 394 2336 Phorm.
408 2281 442 2346 1,
455 2279 491 2347 4,
506 2279 550 2338 uu.
570 2282 646 2338 ilicet.
683 2283 751 2349 Qaut
773 2284 816 2336 bio
839 2283 992 2336 carteritano
1017 2279 1265 2362 opercmwsrurtra?

174 2391 196 2402 ·-
280 2365 383 2422 fleant.
397 2363 424 2436 5,
439 2367 466 2433 2,
480 2365 523 2424 20.
738 2376 749 2392 ⁸
929 2381 933 2388 ·

275 2530 279 2542 1
313 2469 405 2524 Plbut.
425 2471 503 2539 capt.
519 2467 554 2536 3,
574 2469 610 2540 1,
625 2467 651 2523 9.
668 2469 736 2529 ilicet
751 2469 910 2545 parasiticae
925 2471 980 2526 osu
993 2469 1137 2524 nonnam
1158 2468 1189 2523 in
1208 2486 1266 2554 nse-

281 2555 336 2610 lam
353 2571 461 2610 crucem.

203 2763 207 2768 ,
262 2785 269 2796 ο
296 2707 329 2770 8.
361 2702 577 2770 Transfertur
602 2705 643 2772 ad
670 2727 743 2775 rem
765 2705 931 2797 perditam
962 2707 1013 2774 vel
1045 2708 1263 2795 desperatam,

198 2784 271 2871 ubi
298 2788 428 2878 quisse
459 2789 501 2856 ad
527 2801 714 2856 extromum
742 2796 929 2876 pervenisse
960 2795 1170 2881 pronuntiat.
1218 2793 1265 2856 lta

212 2871 399 2959 loquuntur
414 2877 564 2940 maximo
586 2876 702 2945 dolore
725 2879 831 2942 affecti
856 2889 887 2942 et
912 2879 1134 2966 desperantes.
1181 2881 1265 2944 Ger-

212 2959 304 3028 m'aui
321 2960 434 3030 dicunt
448 2985 483 3026 es
502 2963 548 3027 ist
573 2986 647 3028 aus.
693 2965 757 3033 Sed
781 2966 996 3033 Grammatici
1020 2977 1146 3030 veteres
1169 2987 1264 3030 caus·

212 3068 284 3115 sam
313 3070 383 3115 non
414 3049 491 3116 satis
519 3062 772 3139 perspexerunt.
832 3052 943 3134 Quare
968 3051 1105 3116 Martius
1133 3051 1265 3118 Saluta-.-

178 3181 179 3186 1
213 3133 260 3196 ris
278 3133 312 3198 in
335 3135 452 3220 Virgil.
476 3139 556 3202 Aen.
577 3142 615 3212 2,
634 3139 785 3215 224.„uti
809 3149 921 3205 narrat
945 3137 1111 3206 Charisius
1135 3161 1170 3224 p.
1194 3141 1264 3207 181.

212 3219 479 3296 interiectionem
511 3243 580 3284 esse
611 3223 754 3308 graviter
785 3223 1027 3310 ingemiscentis
1057 3224 1266 3310 opinabatur,

214 3303 311 3372 sicuti
337 3307 423 3391 apud
450 3305 644 3378 Terentium
669 3307 758 3394 Eun..
779 3315 816 3390 1,
834 3317 870 3386 1,
885 3315 918 3378 9.
943 3332 1006 3397 pro
1029 3310 1107 3373 leem
1132 3331 1266 3396 accepe-

212 3399 295 3470 rat,
307 3399 344 3455 ut
359 3391 463 3468 ilicet,
479 3391 609 3474 peristi
632 3392 797 3458 videretur
814 3417 882 3464 osse
902 3396 979 3462 bem
993 3395 1128 3480 peristi.
1177 3396 1265 3459 Haec

212 3495 277 3568 nos
293 3475 430 3554 docent,
452 3475 625 3562 antiquum
650 3477 746 3550 illum
766 3491 869 3548 ‘usum
893 3478 1082 3550 obsoletum
1106 3480 1212 3546 fuisse
1236 3489 1267 3545 ct

214 3562 435 3647 grammaticis
451 3559 670 3650 incognitum.

225 3739 229 3746 ,
315 3688 406 3742 Pleut.
424 3690 523 3759 Amph.
540 3689 566 3756 1,
585 3689 687 3758 1‚1.82.
707 3693 791 3771 ilicet:
808 3697 935 3766 mandata
950 3695 1165 3772 scripsissent.
1201 3693 1266 3748 ctu

282 3769 308 3838 4,
326 3772 408 3837 217.
424 3783 580 3836 autumnate
600 3779 687 3837 ilicete
707 3797 747 3836 sne
770 3781 900 3848 infelicem
919 3789 944 3839 et
963 3783 1102 3837 scelestam.
1136 3781 1197 3835 Non
1222 3798 1267 3832 co-

280 3856 380 3913 haeret
405 3862 576 3918 accusativus
597 3876 659 3917 cum
679 3864 757 3924 ilicet.
794 3867 874 3939 Cure.
896 3866 976 3937 1,3,
992 3867 1035 3922 311.
1061 3868 1174 3922 Terent.
1197 3868 1266 3919 Eun.

281 3942 349 4008 1‚1‚
369 3942 394 4000 9.
421 3953 508 3999 actam
522 3957 576 4004 este
594 3951 681 4005 ilicet:
699 3951 797 4025 peristi.
831 3950 857 4017 2,
871 3951 898 4016 3,
916 3949 959 4005 56.
983 3943 1075 4008 iliccts'
1087 3955 1191 4006 desine.-
1212 3953 1267 4004 iam

282 4031 474 4089 conclamatum
496 4039 543 4088 est.
579 4033 658 4089 cont.
674 4025 847 4101 Taubmann.
863 4037 898 4090 ed
916 4037 1008 4118 Plaut.
1026 4037 1107 4108 Epid.
1122 4034 1150 4104 5,
1164 4037 1191 4104 2,
1207 4035 1250 4090 19.
