2592 4720
405 265 719 340 utmorem.
886 212 889 230 ’
1032 279 1131 346 m

52 441 172 511 parom
196 429 252 484 aut
270 419 353 486 nihil
374 417 493 500 refert,
515 432 627 486 utrum
648 443 777 507 magno
800 443 899 508 opere
914 427 1092 516 scripseris,

54 530 97 582 nn
112 527 340 593 magnopere:
361 525 475 570 rursus
497 505 569 584 olii,
589 506 706 592 quibus
729 515 894 570 contractu
917 513 987 576 sota
1008 537 1091 582 nou·

53 592 228 656 veniunt.·‘
271 590 469 670 Qualessint
484 589 520 654 bi
538 592 622 670 toci,
643 605 714 654 non
731 591 879 658 declarat.
923 597 1091 666 Gernhnr.

51 676 113 741 dus
129 675 168 738 ad
185 675 251 746 Cic.
266 675 306 738 de
324 673 392 740 Off.
412 681 440 756 1,
458 681 485 752 1,
500 680 531 739 3.
553 672 637 754 „ubi
651 677 816 740 minorem
830 676 894 739 vim
912 676 1029 763 babet,
1054 686 1090 764 in

78 760 169 824 rimis
194 769 271 848 post
286 760 494 848 negationem
517 763 716 825 contractius
736 781 945 847 magnopere
966 771 1089 834 retine·
1175 809 1178 820 ν

50 783 186 909 bitur.“
236 843 300 908 Sed
329 865 411 930 quae
441 843 519 908 bnec
544 846 655 908 minor
679 846 726 909 vis
755 845 816 924 sit,
847 861 916 910 non
946 853 1089 938 explicat

49 929 205 1018 apertius.
246 929 489 992 Lindemannus
509 927 550 992 de
574 930 712 994 Adverb.
730 935 762 994 4.
782 939 816 1016 p.
834 927 884 995 19.
909 949 1085 1024 „magno-

46 1036 137 1100 pere
155 1023 203 1076 est
223 1012 413 1078 adverbium
439 1011 656 1092 asseret-andi,
689 1033 818 1101 magno
850 1023 957 1082 autem
987 1045 1087 1108 opere

48 1109 101 1164 cst
116 1118 233 1183 magna
246 1096 421 1179 industria,
446 1120 514 1162 nou
532 1099 741 1174 adverbium,
762 1099 817 1163 sed
836 1100 981 1185 phrasis,
1004 1127 1086 1192 quae

46 1182 216 1248 interdum
240 1182 381 1248 adverbii
405 1183 507 1246 vicem
528 1183 633 1261 subit,
664 1180 747 1248 nibil
766 1195 876 1248 tamen
907 1185 947 1252 de
979 1193 1087 1260 nativa

46 1289 107 1332 sua
122 1268 152 1332 vi
166 1263 354 1333 immutans.
396 1269 489 1331 Vnde
503 1289 711 1354 magnopere
726 1288 788 1354 pro
812 1290 868 1349 eo,
891 1271 978 1356 quod
1004 1276 1087 1342 dici·

47 1362 105 1416 tur
121 1351 229 1429 arride,
251 1363 366 1417 contra
381 1365 509 1438 magno
525 1371 624 1438 opere
638 1373 818 1438 numquam
862 1377 899 1419 ro
918 1357 1017 1424 uelde
1031 1385 1094 1426 ace·

48 1436 116 1524 cipi
130 1444 279 1524 potest.“
321 1433 484 1502 Nimirum
501 1435 561 1500 hae
578 1435 706 1502 formae
728 1460 767 1502 eo
793 1377 970 1522 ditiorum,
994 1439 1101 1530 quod'
1135 1481 1136 1484 ¹

47 1521 84 1586 in
100 1521 200 1586 ultera
216 1521 281 1585 duo
299 1525 433 1586 nomina
450 1542 516 1585 uno
534 1532 664 1586 accentu
680 1519 1025 1610 comprehenduntur,
1048 1532 1084 1598 in
1161 1597 1163 1601 ,

48 1607 149 1671 ultera
172 1610 346 1692 utrumque
370 1625 492 1671 nomen
514 1626 574 1669 suo
600 1617 732 1670 accentu
757 1617 909 1672 notatur.
952 1611 1084 1680 Nihilo·

45 1693 157 1756 minus
172 1701 280 1754 tamen
298 1694 384 1754 inter
397 1701 519 1755 veteres
534 1689 684 1765 fuerunt,
706 1687 763 1778 ¹qui
776 1691 1084 1784 scriberent'reipu·

46 1773 173 1852 blioae,
196 1775 433 1842 iurisiurandi.
474 1773 658 1840 ethorum
677 1775 717 1838 de
743 1779 819 1840 Arte
840 1777 895 1840 lat.
919 1783 1084 1850 scribendi

43 1883 82 1949 p.
100 1865 171 1924 109.
217 1861 328 1938 Quare
343 1880 409 1922 non
423 1856 492 1923 sine
508 1880 617 1924 natissa
634 1855 776 1924 Orellius
799 1860 838 1923 ad
864 1863 946 1926 Cic.
959 1865 997 1930 de
1015 1867 1082 1933 Off.

48 1949 177 2023 1‚1,u.
204 1944 401 2030 obloquatus
423 1953 490 2008 estc
514 1945 669 2019 „nullum
690 1945 774 2008 inest
794 1945 966 2013 discrimen
981 1948 1082 2038 signi·-

45 2027 247 2096 ficatioois.“
301 2029 430 2091 Scilicet
460 2028 493 2091 in
525 2025 574 2091 bis
600 2029 782 2092 Ciceronis:
824 2047 924 2116 quum
951 2057 1081 2120 puero..

45 2135 124 2180 rum
138 2105 247 2199 igitar
259 2108 398 2200 formas
420 2121 452 2175 et
475 2129 618 2195 corpora
635 2113 828 2198 magnoln‘c
848 2133 948 2200 opere
969 2122 1082 2186 mira-

45 2210 162 2266 retur:
192 2199 269 2282 quid
293 2197 386 2261 aliud·
400 2195 560 2281 intelligas
583 2217 681 2280 quam
705 2197 828 2262 valde?
875 2200 957 2264 Mihi
982 2205 1082 2290 igitur

47 2284 95 2350 ita
111 2281 246 2347 videtur.
276 2284 419 2367 Vtraque
432 2279 538 2343 forma
555 2303 572 2344 a
589 2280 748 2342 veteribus
761 2281 976 2367 scriptoribus
994 2291 1025 2351 et
1041 2286 1081 2354 nb

46 2365 163 2433 iisdem
181 2365 313 2452 quidem
337 2361 551 2452 usurpabatur
572 2363 772 2450 promiscue,
795 2385 855 2428 nec
880 2381 1019 2453 possunt
1037 2373 1081 2438 li-

47 2453 119 2527 bri,
141 2454 195 2537 qui
211 2474 299 2515 nunc
315 2461 462 2529 exstant,
486 2455 572 2514 certa
596 2449 715 2512 indicia
736 2451 879 2536 integrae
901 2453 1080 2537 scripturae

46 2537 86 2603 in
115 2533 248 2622 singulis
278 2535 358 2600 locis
390 2533 525 2600 offerre.
586 2533 649 2598 Alii
676 2533 765 2598 ‘euim
783 2535 923 2616 ,librarii
960 2537 1014 2602 ubi
1040 2562 1081 2607 ue

46 2643 178 2708 magno
193 2643 310 2707 opere,
330 2631 368 2684 ut
388 2621 421 2684 in
442 2615 571 2706 gudian.
588 2623 619 2682 2.
640 2618 828 2696 Ciceronis,
848 2615 882 2683 in
899 2621 1005 2688 lovan.
1050 2627 1081 2690 i.

46 2707 111 2778 vii.
133 2705 185 2769 alii
200 2727 406 2792 magnopere
428 2704 603 2768 dederunt:
628 2702 663 2766 in
682 2702 894 2789 palimpsesto
916 2703 1079 2774 librorum

48 2789 91 2856 de
107 2789 284 2878 Republica
303 2789 453 2854 librarius
469 2783 561 2876 prior
579 2789 706 2873 scripsit
723 2807 948 2877 magnopere,
977 2794 1080 2858 inter.
1102 2789 1104 2799 '
1186 2818 1188 2824 ·

45 2875 182 2966 polator
207 2874 350 2938 correxit
366 2873 525 2936 distractis
541 2867 691 2946 vocibus,
713 2873 764 2934 eui
786 2872 913 2936 formae
929 2872 1078 2944 Moserns

46 2985 84 3048 p.
100 2960 150 3023 40.
168 2956 280 3022 tribuit
297 2956 494 3041 antiquitatis
515 2971 685 3042 saporem,
702 2974 802 3039 „quem
825 2956 976 3042 equidem
1000 2973 1078 3026 seb·

45 3047 112 3110 tire
133 3061 272 3130 nequeo.
321 3035 433 3126 Neque
458 3036 522 3103 ullu
546 3045 680 3127 apparet
705 3045 887 3112 constantia
912 3044 999 3108 alibi.
1040 3047 1079 3112 ln

46 3129 159 3196 eadem
179 3130 266 3192 enim
279 3129 434 3192 sententia
448 3122 550 3188 modo
572 3142 800 3210 magnopere,
823 3125 924 3189 modo
949 3150 1078 3216 magno

44 3237 147 3301 opere
161 3214 288 3300 legitur.
331 3206 361 3274 T
364 3232 457 3276 amen
471 3205 554 3272 nibil
569 3207 775 3294 impediebat,
797 3213 985 3292 quominus
1002 3237 1078 3280 ver·
1097 3214 1101 3220 ’

45 3302 100 3366 bic
122 3317 249 3385 magno
273 3317 371 3380 opere
396 3295 490 3359 etiarn
514 3291 752 3390 significaretur·
768 3311 885 3378 magna
907 3295 1076 3382 industria,

44 3399 204 3469 magnum
220 3383 378 3459 studium,
403 3381 494 3444 sicuti
512 3378 665 3442 dixerunt
679 3395 808 3441 macore
825 3402 925 3465 opere
943 3391 974 3447 et
998 3407 1077 3449 mu·-

44 3471 138 3536 ximo
152 3485 261 3554 opere.
304 3467 364 3530 Vd.
381 3467 499 3529 Caton.
519 3459 604 3550 apud
626 3461 766 3552 ¹Gellium
782 3467 813 3537 7,
829 3470 861 3527 8.

130 3554 199 3616 Nos
219 3553 370 3624 hiceum
396 3557 490 3614 usum
518 3547 692 3636 praecipue
722 3546 979 3632 consideremus,
1008 3573 1075 3636 quo

45 3655 177 3724 magno
198 3659 297 3724 opere
319 3645 351 3699 et
372 3651 586 3721 magnopere
599 3629 741 3695 adverbii
769 3632 876 3696 instar.
899 3628 1076 3715 dicebatur,

45 3744 109 3788 nec
132 3723 179 3786 illi
201 3724 358 3786 maiorem
379 3720 557 3784 tribuamus
580 3717 645 3781 vim
677 3734 773 3802 qoam
797 3715 873 3782 huic
904 3718 946 3782 ob
971 3721 1077 3806 ipsam

45 3807 204 3874 formam.
252 3807 357 3871 Nemo
382 3804 470 3868 enim
493 3818 727 3890 germanorum
755 3803 954 3889 scriptoram
981 3825 1077 3868 vocas
1129 3874 1132 3882 ,

49 3892 126 3958 buln
143 3891 305 3980 gewisser
327 3886 461 3978 Messon
478 3900 511 3952 et
530 3881 824 3974 gewissermafisen
846 3887 871 3950 si
918 3886 1079 3952 ificatione

46 3977 234 4064 distinguat.
277 3977 387 4056 Quare
408 3991 469 4038 nos
496 3971 531 4037 in
554 3969 731 4038 afferendis
757 3987 874 4058 exemp
889 3974 915 4035 is
941 3967 1079 4040 adbibe-

47 4061 158 4126 bimus
185 4061 347 4148 vulgares,
370 4059 424 4125 sed
445 4057 546 4124 bonas
570 4056 745 4132 editiones,
766 4071 969 4142 nequecum
988 4075 1077 4122 non·

90 4145 148 4210 111.
695 4164 699 4172 ·
764 4139 811 4206 b?
