2730 4720
522 305 647 390 'titt
683 419 687 443 ἴ
1059 335 1121 400 115

137 479 206 536 ¹vitii
227 495 281 550 ego
300 477 423 532 eumdem
444 477 598 541 iuvenem
613 475 632 528 i.
651 493 676 528 e.
698 495 779 546 quom
806 477 933 536 invenem
954 483 1027 549 viat,
1061 485 1119 539 stat

150 567 251 629 etiam,
285 581 367 632 quum
397 561 548 616 inventutis
577 561 664 614 serius
687 567 794 630 tempus
822 565 950 632 instaret,
988 587 1119 637 moerere,

149 651 220 720 qnod
243 647 369 701 iuvenilis
395 645 493 700 aetatis
509 641 610 712 guardia
634 647 775 714 absumpta
799 648 930 717 tuissent,
955 669 1004 706 nec
1024 653 1119 712 liceret

101 745 104 751 '
146 737 229 789 uicem
243 741 371 787 extremae
384 731 531 798 nequitiae,
549 727 631 782 nteit
646 727 812 798 Propertius.

162 859 192 922 5.
220 855 289 920 Nec
314 851 425 926 aliter,
448 849 586 998 Euando
612 850 734 938 aliquid
759 851 882 918 factum
902 877 971 921 esse
994 856 1119 938 dicitur,

81 951 258 1026 postquam
277 935 364 1002 atiud
390 935 444 1020 qui
497 935 620 999 factum
646 945 746 1010 esset,
775 949 810 1000 ut
826 942 979 1006 transitus
1000 965 1120 1022 rerum,

79 1047 149 1111 non
163 1026 282 1092 mediis
299 1020 492 1098 interiectis,
514 1021 677 1084 indicetur
692 1031 811 1087 certus.

180 1143 273 1195 Plaut.
291 1139 372 1192 Troe.
392 1137 417 1202 ὃ,
431 1138 456 1201 2,
472 1135 515 1192 lt.
532 1140 595 1194 icus
608 1149 652 1205 tu,
668 1142 723 1192 iam
733 1151 747 1203 ,“
755 1149 891 1210 postquam
911 1145 940 1196 in
961 1147 1048 1198 artem
1069 1165 1122 1202 cro·

149 1229 194 1280 bru
211 1243 368 1288 commoveo,
387 1225 464 1275 dicus
478 1241 536 1276 sum
551 1231 650 1294 faetus.
686 1225 799 1291 Quintil.
817 1226 843 1290 4,
857 1225 884 1292 6,
899 1226 924 1280 2.
942 1231 1123 1297 quodquidam
1169 1241 1173 1246 “

146 1319 239 1364 natum
262 1311 294 1360 ab
317 1309 482 1362 ostentatione
508 1310 706 1374 declamatoria,
724 1313 776 1362 ium
799 1313 828 1362 in
843 1316 934 1377 sorum
948 1315 1031 1377 uerat,
1049 1323 1122 1382 post-

145 1413 224 1464 quam
240 1411 319 1464 ogere
335 1409 439 1444 caussas
454 1408 508 1444 nan
529 1393 565 1442 ari
587 1389 729 1446 utilitatem
750 1396 928 1465 litigatorum,
943 1400 989 1451 sed
1009 1401 1046 1452 acl
1067 1417 1120 1470 pa-

146 1487 279 1533 tronorum
294 1479 459 1530 iactationem
475 1483 603 1545 repertum
617 1483 663 1528 est.

162 1617 194 1678 6.
220 1612 357 1676 Ponitur
372 1611 485 1676 eadem
502 1609 544 1676 de
567 1611 793 1690 saussaium,
817 1609 875 1676 nbi
894 1635 945 1676 res
968 1615 1120 1682 dicuntur

76 1709 171 1765 certo
194 1692 325 1768 evenire'
345 1697 395 1762 vel
414 1706 587 1764 eventurae
611 1717 696 1773 esse,
725 1697 855 1781 siquid
880 1709 971 1762 antea
993 1699 1119 1766 facturn

75 1788 133 1850 sit.
183 1781 337 1848 Germani
360 1784 458 1844 etiarn
482 1779 523 1843 de
548 1781 599 1844 his
620 1779 800 1866 loquuntur
823 1780 919 1844 dana
941 1781 1119 1850 bestimmt.

73 1871 165 1936 Haeo
180 1889 258 1931 vero
278 1866 469 1952 significatio
493 1867 532 1930 iis
554 1867 720 1930 sententiis
743 1868 877 1952 propria
899 1878 964 1940 est,
985 1869 1019 1932 in
1068 1871 1121 1934 ui·

74 1956 141 2020 bus
158 1975 218 2041 per
232 1952 460 2036 imperativum
478 1959 532 2012 aut
548 1971 608 2036 per
623 1950 866 2015 coniunctivum
885 1953 918 2014 id
933 1951 1003 2026 ficri
1025 1893 1120 2020 isilbe-
1185 2022 1187 2025 s

72 2051 154 2110 tur,
184 2035 272 2118 quod
299 2035 326 2097 si
350 2034 472 2098 factum
499 2042 568 2110 est,
606 2047 695 2099 certo
723 2057 834 2100 seeum
861 2035 926 2100 fert
954 2051 1118 2104 eventum.

74 2119 296 2192 Grammatici
329 2117 391 2181 boc
414 2116 538 2182 referre
566 2119 672 2184 soient
696 2121 735 2182 ad
765 2121 902 2186 celerem
936 2121 1120 2190 subitumve

73 2217 253 2281 eventum,
279 2203 368 2289 quod
386 2225 455 2266 non
470 2201 621 2266 omnibus
644 2205 725 2268 locis
749 2214 860 2292 aptam
887 2206 960 2270 erit.
1001 2209 1120 2274 Neces-

74 2297 156 2358 sitas
176 2289 263 2353 enim
289 2311 356 2352 non
372 2307 502 2374 semper
518 2287 550 2348 iu
574 2291 736 2376 temporis
758 2290 987 2367 continuitate,
1005 2293 1062 2358 sed
1085 2298 1121 2358 in

75 2373 280 2446 conditionis
294 2383 455 2460 potestate
470 2371 624 2436 cernitur.
649 2439 651 2444 ,
706 2397 708 2400 ·

182 2495 294 2546 Terent.
309 2493 379 2544 Ean.
393 2491 419 2555 1,
435 2490 461 2554 2,
472 2486 514 2542 25.
533 2491 623 2542 aceede
644 2491 682 2542 ort
690 2489 776 2560 ignem
788 2489 865 2554 hune,
881 2491 934 2542 iam
948 2491 1054 2546 calesces
1064 2494 1122 2562 pius

148 2579 220 2632 sutis.
255 2575 311 2629 cic.
320 2577 402 2628 Taso.
417 2573 495 2640 4,24,
507 2571 549 2626 54.
567 2589 665 2628 remoue
673 2575 879 2644 perturbationes
898 2577 1054 2642 moriamur
1068 2579 1121 2630 ira·

146 2662 284 2728 mutiam.-
312 2661 364 2712 iam
386 2663 541 2714 uidebuntur
561 2664 676 2711 monstra
697 2661 779 2712 dicere
800 2657 918 2726 (Stoici).
947 2659 976 2712 in
999 2661 1120 2727 Vern2,

150 2743 193 2808 aa
209 2743 268 2796 161.
288 2745 324 2796 ria
345 2746 410 2796 mitri
424 2746 487 2797 troo.-
513 2745 567 2796 iarn
588 2744 638 2797 titi
659 2747 801 2798 monimum
817 2749 920 2811 pumera
941 2745 1116 2814 dq‘nnionem

145 2829 311 2899 praecideris.
346 2827 405 2878 Liv.
418 2829 444 2892 6,
459 2827 501 2892 15,
518 2825 560 2880 lt).

181 2925 244 2978 Liv-
257 2925 283 2990 2,
297 2925 341 2990 293
357 2927 399 2978 11.
421 2929 550 2996 agedum,
567 2925 658 2994 inquit,
690 2926 853 2989 dictatorem,
868 2943 887 2977 a
908 2945 958 2994 quo
976 2929 1122 2996 prouocatio

146 3027 198 3067 non
213 3017 258 3072 est,
273 3019 397 3060 creemus.
430 3011 487 3061 ium
510 3013 559 3079 itio,
582 3027 631 3076 quo
651 3026 716 3060 nune
737 3009 826 3059 omnia
847 3010 955 3072 ardent,
977 3011 1123 3062 conticescet

139 3098 226 3163 [uror.
260 3091 320 3144 Cic.
342 3091 375 3143 de
399 3093 518 3158 Harusp.
542 3109 613 3158 resp.
637 3089 689 3154 25,
702 3089 745 3141 55.
770 3093 876 3142 tollatur
898 3093 962 3144 naec
985 3093 1121 3146 asinitate

147 3179 284 3232 timorata
304 3177 362 3234 lam
373 3193 457 3228 omnes
476 3177 537 3244 isti,
555 3177 599 3245 qui
609 3175 810 3244 portenduntur,
824 3181 908 3228 metas
920 3177 1122 3246 restinguuntur.

164 3303 196 3363 7.
230 3297 358 3362 Scilicet
381 3297 434 3380 id,
464 3298 554 3384 quod
575 3298 668 3362 nullo
689 3295 860 3362 interiecto
874 3299 1045 3384 temporis
1070 3298 1123 3361 in-

81 3383 241 3464 tervalia,
265 3383 320 3446 sed
336 3383 423 3446 ittico
441 3384 507 3452 sive
523 3385 632 3448 statim
652 3381 789 3446 fiortvet
816 3381 964 3446 futurum
983 3405 1051 3446 esse
1069 3383 1120 3446 di-

79 3469 186 3542 citur‚
210 3470 404 3532 necessitate
415 3469 556 3553 regitur,
578 3489 660 3555 quae
681 3468 752 3552 ipsa
777 3467 812 3529 in
838 3469 999 3532 celeritate
1023 3487 1121 3532 even-

78 3563 135 3615 tus
152 3563 296 3650 apparet.
340 3554 451 3633 Quare
470 3555 577 3638 potest
592 3553 799 3618 ‹ea-distinata
824 3553 1046 3638 designatione
1068 3555 1122 3620 iu·
1177 3589 1180 3598 ·

79 3637 194 3702 dicari.
218 3635 283 3702 'Ita
299 3639 415 3704 Graeci
433 3636 470 3720 tt
487 3631 667 3726 adiungunt
684 3637 895 3726 imperativis.

185 3755 276 3810 Plani.
293 3757 354 3810 aar.
371 3755 398 3821 1,
414 3755 441 3820 2,
454 3751 498 3808 25.
522 3757 624 3808 occlude
638 3757 673 3830 sis
685 3761 763 3824 sores
784 3757 903 3807 amiotus
924 3754 1050 3822 pusulis.-
1069 3755 1124 3806 iam

152 3857 203 3911 ego
217 3841 259 3892 tte
274 3859 325 3895 ero.
358 3842 468 3894 Terent.
483 3841 553 3892 Eun.
566 3836 594 3903 4,
608 3839 635 3904 6,
649 3839 815 3909 26.Jomittes
833 3841 885 3890 iam
903 3839 988 3890 adero·
1023 3839 1124 3889 fleant.

152 3921 221 3988 aa,
236 3923 279 3976 18.
299 3926 361 3977 bono
377 3927 464 3977 animo
483 3942 525 3978 es:
540 3925 592 3976 iam
607 3921 746 3992 argentum
763 3924 797 3974 ud
812 3937 869 3975 eam
883 3925 997 3990 deseres,
1016 3919 1085 3988 quod
1101 3917 1125 3968 ei

151 4026 178 4062 ss
190 4010 326 4078 pollicitus.
343 4006 390 4059 nbi
403 4005 467 4060 vide
480 4009 615 4060 Donatum
631 4014 658 4058 et
672 4007 844 4060 Westeihovt
856 4005 891 4058 eri
901 4005 983 4058 Andr.
997 3996 1128 4066 1,1,144.

187 4111 283 4190 uorat.
300 4111 358 4163 Sat„
374 4108 441 4177 1,1,
457 4107 501 4162 16.
521 4111 573 4165 inm
583 4110 688 4178 jacium
708 4109 775 4176 quot
790 4110 872 4161 uoltis.
904 4107 996 4160 Plaut-
1013 4100 1126 4164 Asin-l,

219 4207 223 4213 ,
748 4194 768 4254 8
792 4195 810 4232 ,t
