2812 4732
76 279 80 290 ¹
156 379 159 385 2
254 335 333 400 roa.
710 305 861 394 runnu:

257 483 403 573 quidem,
419 489 457 544 ut
471 461 635 566 cogitetur
650 480 846 546 continuum
864 489 1009 566 tompus,
1031 476 1065 541 in
1082 488 1154 562 quo
1172 499 1235 543 rea
1251 502 1319 548 me-

257 579 387 636 morata
403 570 630 648 contineatur,
653 577 708 630 aut
724 589 786 656 per
803 564 894 652 quod
911 563 1128 657 producatur.

361 689 424 742 Liv.
438 683 481 751 36,
497 684 542 751 2⁰,
555 683 581 741 5.
599 687 768 756 interipsum
781 701 892 756 pugnae
914 691 1012 753 tempu·
1026 684 1115 734 decem
1131 698 1223 736 nanee
1234 685 1319 756 regiae

220 772 223 786 ¹
325 769 529 844 cum‘pruesecto
547 771 645 824 Ieidorc
660 772 697 823 ad
714 772 854 823 Thronium
871 771 901 822 in
916 770 974 822 mnu
990 768 1249 823 mulieritatem

363 875 426 929 Iaiv.
441 873 485 939 32,
500 873 545 939 19,
559 873 586 927 2.
606 874 746 926 Frueincrre
760 873 829 926 inter
842 879 942 925 nortem
963 872 1006 923 lux
1026 877 1095 922 orto.
1132 870 1188 923 ubi
1213 859 1316 926 Grona-

328 961 392 1014 viua
414 961 522 1014 confert
544 959 596 1024 38,
615 941 667 1024 dd,
680 956 707 1011 4.
734 959 801 1030 quod
820 959 876 1010 lnce
891 946 967 1010 ¹inter
989 957 1084 1008 loram
1104 957 1224 1009 tertiam
1240 963 1317 1024 seua

304 1054 354 1100 et
367 1053 490 1114 quamam
503 1046 624 1098 tenebrae
645 1045 748 1096 olcnm
757 1047 876 1112 famant.
910 1039 963 1094 nisi
988 1040 1058 1090 haec
1081 1038 1124 1092 ita
1150 1041 1233 1096 dicta
1256 1049 1316 1107 eunt,

329 1138 360 1184 ut
375 1149 425 1190 uon
436 1131 561 1182 zwinchen
573 1129 630 1182 daei
645 1129 698 1180 und
711 1127 765 1178 uier
783 1127 839 1178 Ulca·
857 1125 891 1176 de
909 1123 998 1176 medio
1015 1130 1143 1190 tempore
1155 1125 1288 1179 dicimur.

364 1231 473 1286 Gellius
487 1229 513 1295 9,
529 1230 555 1282 t.
572 1230 611 1299 (in
631 1227 759 1295 Albania)
775 1230 873 1281 dicitur
890 1228 971 1298 gigni
991 1228 1127 1304 hominen,
1146 1231 1199 1296 qua·
1216 1257 1250 1270 -
1265 1231 1315 1300 plui

329 1325 436 1418 cernnnp
448 1319 527 1370 oculir
538 1333 587 1386 per
601 1323 700 1367 nonem
714 1330 793 1392 quem
806 1314 871 1365 inter
889 1314 967 1364 diem.

138 1455 140 1458 ⁵
251 1484 253 1494 ¹
301 1473 304 1485 ⁴
335 1436 394 1532 1211.
430 1465 559 1532 Eodem
589 1463 693 1529 modo
726 1465 865 1531 nomina
902 1475 1108 1552 usurpantur
1141 1487 1267 1532 rerum
1286 1472 1315 1534 ia

258 1563 411 1639 tempore
427 1551 599 1616 factarum.
642 1551 685 1614 Et
700 1551 819 1614 dicitur
836 1553 921 1614 inter
935 1551 1078 1638 aliquam
1094 1573 1174 1616 rem
1196 1554 1314 1641 aliquid

97 1663 99 1666 ·
198 1699 200 1704 ,
258 1636 348 1719 fieri,
374 1637 465 1724 quod
479 1636 518 1700 fit
533 1658 598 1700 una
620 1659 697 1700 cum
714 1637 769 1700 illa
784 1647 817 1700 et
831 1637 983 1714 interim,
1003 1638 1072 1702 sive
1094 1637 1314 1727 intelligimus

258 1725 457 1788 continuum
479 1733 628 1809 tempus,
655 1722 735 1786 dum
761 1721 847 1786 aliud
879 1722 959 1808 quid
983 1719 1043 1797 fit,
1080 1726 1314 1814 sivealiqucd

256 1809 419 1896 temporie
448 1818 628 1895 punctum,
655 1807 690 1871 in
714 1807 807 1893 quod
835 1807 923 1872 aliud
948 1808 1027 1892 quid
1058 1807 1194 1874 incidit.
1241 1813 1314 1876 Vide

254 1885 411 1958 'Cordum
435 1893 477 1958 ad
501 1892 632 1958 Sallust.
650 1892 720 1978 Ing.
737 1893 789 1969 40,
810 1893 841 1956 4.
863 1892 1032 1956 Drakenb.
1055 1893 1096 1957 ad
1118 1895 1199 1960 Liv.
1219 1902 1253 1978 6,
1268 1900 1311 1978 nt,

259 1985 311 2046 10.
340 1979 381 2042 ad
405 1982 502 2056 4,18‚
520 1979 552 2040 4.
573 1979 615 2042 ad
642 1980 673 2056 4,
690 1982 739 2055 19,
755 1982 786 2041 7.
832 1978 926 2068 Quae
951 1978 1039 2064 apud
1068 1977 1311 2046 Ruhnkenium

257 2063 300 2130 ad
317 2063 451 2128 Terent.
470 2063 555 2126 Eun.
571 2059 602 2144 4,
619 2069 651 2144 2,
670 2069 699 2126 1.
717 2063 873 2148 leguntur
888 2074 966 2126 sunt
983 2063 1229 2150 Oudendorpii
1248 2091 1309 2132 ner-

234 2168 235 2176 *
256 2149 299 2213 ba
314 2147 498 2212 adSueton.
515 2147 606 2212 Caes.
623 2155 653 2212 4.
697 2148 799 2228 Quod
815 2170 892 2214 vero
908 2147 1099 2234 Scheiferus
1118 2151 1162 2213 ad
1173 2153 1307 2218 Phaedr.

167 2308 169 2316 ,
222 2251 224 2254 ·
256 2235 296 2309 4,
323 2238 381 2312 16,
403 2235 436 2300 4.
466 2243 601 2314 monet,
630 2237 721 2298 inter
745 2233 892 2308 indicare
908 2234 1050 2298 celerem
1076 2240 1307 2313 mutationem,

258 2317 417 2384 abhorret
448 2319 487 2384 ab
516 2319 628 2384 indole
654 2319 849 2406 particulae,
882 2341 942 2382 uec
970 2318 1063 2382 inter=
1083 2321 1171 2383 solie
1204 2337 1308 2387 ortum

256 2406 343 2554 apud
367 2403 482 2469 lustin.
511 2410 623 2485 1,·10.
651 2403 828 2492 significate
859 2404 1056 2489 simulatque
1079 2405 1131 2481 col
1156 2411 1308 2474 oriretur.

257 2490 273 2555 l
300 2491 344 2554 ud
361 2491 458 2554 etiam
470 2538 481 2571 ,
503 2490 592 2576 quod
611 2491 791 2572 Herzogiue
816 2489 856 2552 ad
874 2489 1005 2553 Sallust.
1031 2491 1102 2556 Cat.
1118 2493 1174 2570 43,
1195 2501 1230 2558 5.
1253 2496 1308 2558 do·

257 2585 328 2655 cet„
348 2575 439 2638 inter
452 2597 521 2637 non
537 2597 606 2638 esse
625 2575 681 2654 in,
707 2577 762 2638 scd
777 2575 898 2638 maiori
915 2575 946 2639 vi
968 2577 1158 2660 exprimere
1180 2601 1309 2664 germa-

234 2661 370 2730 ‚nicum
387 2659 509 2722 mitten
533 2669 649 2738 unter,
672 2659 860 2724 liberiorem
887 2681 981 2738 usum
1006 2683 1162 2724 coercere
1186 2669 1307 2752 nequit

255 2744 308 2810 Ex
330 2745 391 2808 ista
415 2763 492 2808 vero
518 2743 646 2808 ratione
669 2745 792 2809 multae
811 2757 988 2810 nascuntur
1004 2745 1197 2812 ¹formulae:
1222 2751 1309 2815 inter

144 2888 149 2910 ,
255 2851 415 2908 coenem,
438 2828 530 2893 inter
547 2852 666 2907 armo,
689 2831 779 2895 inter
790 2827 941 2916 fulmina
966 2843 999 2896 et
1017 2832 1197 2910 tonitrua,
1221 2837 1309 2900 inter

154 2987 155 2992 ἵ
256 2914 355 2994 vinu,
377 2915 468 2978 inter
489 2937 624 2999 morae,
650 2916 739 3002 quo'd
760 2917 914 2981 Germani
940 2917 1054 2980 dicunt
1067 2917 1308 2986 mtttlerwetla

254 2999 352 3064 Inter
365 3000 470 3064 initia
485 3011 518 3066 et
538 3001 629 3066 inter
638 3002 817 3087 principie
836 3000 1019 3088 significant
1037 3003 1155 3088 primis
1169 3013 1307 3092 tempo·

254 3087 365 3166 ribus,
398 3086 508 3151 initiae
541 3109 605 3183 qua
629 3087 774 3151 dictione
804 3087 970 3174 imprimis
995 3089 1107 3150 Celsus
1142 3090 1252 3155 utitur
1278 3102 1307 3156 et

102 3222 104 3230 s
219 3202 220 3206 ¹
254 3172 378 3242 Plinius
394 3181 425 3234 et
442 3172 637 3250 Suetonius,
660 3193 729 3236 non
745 3173 955 3264 antiquiores.
1001 3173 1309 3242 Cf.Drakenb.ud

253 3257 325 3320 Liv.
351 3255 435 3342 Epit.
461 3261 513 3324 79.
567 3257 676 3320 Etiam
699 3258 837 3322 nomina
865 3257 1038 3345 singularis
1063 3261 1200 3325 numeri
1232 3261 1309 3327 huic

253 3339 384 3404 formae
395 3350 599 3428 congruunt.
616 3359 618 3364 ’
1018 3373 1020 3378 v

357 3467 448 3521 Plaut.
465 3466 551 3521 Stich.
568 3465 596 3532 5,
611 3465 676 3540 dd.
692 3468 759 3522 inter
778 3469 846 3522 illud
861 3475 951 3522 tannen
969 3471 1107 3538 negotium
1129 3473 1196 3526 mein
1220 3476 1309 3529 cerani

320 3553 412 3604 amicir
430 3581 462 3626 3-
480 3571 559 3606 coena
574 3561 648 3606 coctu
659 3561 690 3606 ut
702 3561 772 3606 eren.
806 3553 867 3606 Liv.
885 3553 910 3618 1,
924 3553 968 3618 51),
984 3553 1027 3605 13.
1044 3556 1110 3608 inter
1122 3559 1195 3610 hunc
1210 3563 1308 3612 tunul-

214 3621 221 3645 Ι
318 3631 374 3687 tuni
389 3638 474 3689 Tullia
488 3639 561 3690 donno
576 3639 704 3707 profugit.
738 3641 784 3690 De
797 3639 852 3690 hac
875 3637 992 3690 dictione
1011 3639 1131 3692 Gronov.
1148 3639 1306 3708 Oineon-md,

319 3717 363 3770 20.
382 3728 449 3774 extr.
463 3722 506 3788 22,
522 3721 624 3786 4212.
641 3723 667 3788 l,
683 3723 726 3787 41,
743 3722 768 3774 1.
787 3723 813 3786 1,
828 3719 871 3786 55,
887 3721 919 3774 3.-
942 3725 1007 3777 inter
1020 3725 1153 3792 principia
1175 3729 1307 3782 condendi

175 3808 178 3822 ¹
204 3801 205 3806 ’
315 3803 393 3855 liuius
407 3807 496 3874 operte.
532 3805 588 3858 (iic.
603 3806 686 3858 Acnd.
700 3806 726 3870 1,
742 3804 769 3872 8,
785 3805 827 3858 811.
848 3808 917 3859 inter
932 3807 1006 3874 quusi
1023 3809 1140 3872 fatalem
1159 3817 1184 3862 et
1209 3813 1306 3864 imme·

210 3953 212 3964 .
256 3939 258 3943 ,
317 3887 421 3940 labilem
435 3891 649 3943 continuationem
665 3891 764 3942 nrdinie
784 3892 938 3960 nempitcrni.
972 3891 1023 3948 ubi
1039 3892 1175 3946 Guercnn.
1218 3896 1307 3963 Quiu-

292 3970 359 4048 ..ffi‘
383 3972 431 4038 12,
452 3973 486 4036 3,
509 3974 535 4026 2.
565 3991 631 4042 quoe
660 3975 743 4027 subdo
769 3975 837 4026 inter
864 3975 934 4043 iprae
963 3975 1074 4028 actionee
1104 3977 1192 4048 nueci‘
1211 3982 1305 4033 colent.

148 4073 151 4080 ⁴
210 4095 213 4099 .
296 4055 428 4110 'Suetom
450 4058 527 4110 (laen.
550 4056 577 4111 4.
605 4060 673 4126 quod
696 4059 750 4110 illie
772 4075 848 4128 caepe
868 4049 982 4112 minutae
1003 4061 1072 4112 inter
1092 4061 1178 4114 tonan
1196 4067 1304 4131 fuerat.

227 4126 229 4130 ¹
313 4137 364 4190 ubi
376 4139 440 4217 ride
456 4141 679 4210 Oudendorpium
693 4149 721 4196 ot
737 4141 773 4204 ud
787 4141 864 4198 Cane.
876 4143 911 4213 Β.
925 4143 993 4222 gall.
1008 4143 1034 4210 1,
1049 4141 1093 4196 36.
