2730 4720
122 353 124 358 ·
204 346 266 414 ree
678 333 791 437 uu„

155 507 162 515 “
202 495 304 564 levius
326 491 444 560 indicet
468 492 758 578 exspectationem.
812 489 922 570 Qunre
951 510 1050 576 enepe
1082 489 1245 554 antecedit

202 581 281 657 sed,
303 581 335 646 in
353 577 567 666 praecidenda
584 574 828 664 exspectatione
852 575 1001 639 oliorum.
1045 573 1093 639 Ite
1107 597 1243 661 germa-

202 670 274 734 nice
301 685 370 732 ιιιιιι
397 673 430 728 et
449 662 547 744 ieret,
577 684 690 750 graeco
709 658 767 742 ἤδη
794 665 898 724 εῑνῦν
927 659 1095 724 differunt.
1141 661 1244 741 Quid,

202 752 294 842 quod
319 751 387 838 ipse
412 747 569 812 vocabula
597 769 685 810 nunc
709 759 741 810 et
761 745 834 810 iam
858 746 943 810 inter
965 768 999 810 se
1026 757 1245 834 opponuntur

200 837 263 905 hoc
293 836 425 922 quidem
454 835 598 910 ratione,
637 841 673 894 ut
704 852 792 896 nune
822 831 1039 917 praesentiam
1070 829 1243 916 significet,

201 925 274 992 inm
291 930 399 986 eutem
413 929 571 1008 punctum
586 919 747 1006 temporis
770 915 879 1002 aliquo
903 915 1006 980 modo
1028 926 1154 980 certum
1183 914 1242 980 de-

201 1011 320 1096 signet.

302 1136 344 1188 De
358 1129 439 1185 Ennii
454 1147 505 1182 unu
521 1128 669 1180 verborum
686 1127 738 1180 tarn
747 1131 807 1195 sere
830 1124 893 1178 vide
911 1124 990 1177 Τοιιι.
1007 1124 1034 1177 2.
1052 1143 1078 1192 p.
1093 1121 1153 1180 694.
1188 1125 1241 1178 Se-

268 1217 399 1274 natenius
416 1231 468 1266 non
489 1214 558 1265 bene
582 1210 712 1279 explicuit
735 1213 788 1262 ium
803 1209 877 1277 opud
897 1209 994 1262 Horat.
1012 1208 1099 1277 Epist.
1113 1211 1139 1276 2,
1155 1209 1181 1276 1,
1196 1209 1240 1264 86.

267 1300 422 1370 perindie,
441 1295 613 1365 aujourd'hni.

303 1401 359 1458 cte.
373 1399 455 1452 Ture.
476 1399 502 1462 1,
516 1397 542 1465 t,
558 1396 600 1449 14.
625 1413 695 1467 nge,
714 1397 768 1448 ιἰιιιι
785 1395 890 1448 cencede
907 1413 958 1448 non
978 1411 1031 1448 esee
1053 1394 1176 1458 niterer,
1193 1395 1241 1462 qui

267 1488 362 1542 nonne·
377 1494 450 1537 eunt:
474 1485 593 1552 qnoniam
615 1481 759 1545 extorsisti,
775 1487 805 1532 ut
819 1484 937 1546 faterer,
956 1480 1001 1548 poi
1013 1479 1114 1530 omnine
1128 1497 1182 1530 non
1197 1497 1240 1532 es-

264 1580 326 1635 eent,
341 1586 425 1622 eosne
441 1570 544 1621 misene
557 1567 659 1636 quidem
674 1583 727 1619 esee
737 1582 819 1634 poree.
853 1564 982 1617 Generum
995 1560 1077 1628 nteit,
1096 1562 1130 1616 ed
1146 1577 1234 1632 quern

264 1653 377 1724 respicit
396 1655 457 1706 iem.

299 1757 398 1810 (intuli.
411 1754 488 1822 (Μ.
504 1764 609 1823 surgere
621 1752 674 1803 inm
688 1757 794 1820 tempus,
809 1748 865 1801 inm
877 1749 989 1819 pingues
1005 1747 1117 1814 linquere
1128 1763 1238 1801 mensae.

186 1843 189 1852 ’
265 1860 318 1913 qno
334 1849 470 1895 maturum
486 1849 589 1904 ternpus
605 1833 747 1886 iudicetur.
780 1831 1055 1902 tegrensenote.
1070 1834 1124 1884 iem
1138 1841 1237 1902 temper

203 1976 204 1982 ,
267 1929 317 1999 agi
330 1945 377 1980 ree.
395 1925 473 1978 dere
490 1939 543 1974 non
559 1918 716 1974 differendo.
750 1917 820 1970 Stat.
844 1917 934 1969 Theb.
955 1916 981 1981 2,
995 1914 1055 1968 864.
1076 1919 1161 1984 reden
1178 1920 1235 1969 ιἰιιιι

264 2013 358 2065 socium
382 2009 496 2078 coeptis,
516 2008 570 2058 r'am
592 2011 692 2074 pectore
708 2004 767 2068 sido
790 2009 942 2069 aequantem
963 2019 1038 2053 eurus
1058 2001 1162 2068 (tentes
1175 2009 1234 2070 poet

264 2096 461 2168 iorgia'mentee
475 2090 559 2141 vineit
580 2088 846 2154 nmerjeocernrnpue
868 2089 969 2158 effatur
987 2088 1069 2138 tristis
1086 2088 1234 2139 Adrastum.

263 2179 310 2234 ulti
326 2173 470 2244 opponitur
485 2181 589 2238 tempus
605 2181 666 2222 ente
681 2181 780 2252 uctunp.
814 2169 917 2224 Tituu.
934 2170 958 2233 1,
974 2169 1000 2234 2,
1014 2169 1040 2222 9.
1058 2169 1158 2233 innuo,
1180 2171 1234 2222 iarn

261 2274 352 2338 patene
367 2262 412 2312 uni
429 2259 509 2320 mitt,
529 2257 597 2308 victa
611 2257 724 2322 querelis.
742 2254 760 2307 i.
779 2272 802 2308 e.
817 2274 871 2307 nnn
885 2257 995 2308 endlieie.

203 2430 206 2440 A
297 2367 407 2420 Terent.
424 2360 505 2414 Andr.
521 2359 546 2423 1,
562 2358 588 2423 2,
604 2357 645 2410 le.
657 2359 754 2410 dehine
765 2359 880 2426 postulo,
897 2359 949 2409 sine
964 2365 1113 2426 aequumst,
1131 2365 1157 2411 te
1179 2376 1232 2411 ore.

262 2451 349 2516 Daue,
369 2457 396 2500 ut
418 2447 505 2498 redeat
527 2447 581 2497 inm
603 2445 631 2494 iu
655 2447 733 2496 oinrn.
753 2445 769 2496 i.
786 2461 809 2494 e.
829 2461 894 2512 nnn,
924 2439 1030 2507 Eun&
1046 2440 1072 2504 3,
1087 2441 1129 2493 to.
1149 2444 1233 2495 iamne

262 2536 349 2592 imur?
382 2530 408 2592 4,
428 2527 455 2590 4,
469 2525 511 2580 35.
529 2531 613 2580 iamne
628 2531 691 2579 entis
705 2529 788 2580 credis
802 2529 915 2578 sobrium
929 2545 981 2578 esse
997 2525 1058 2578 ene?
1075 2525 1091 2577 i.
1106 2543 1130 2579 e.
1150 2520 1232 2594 quum

263 2623 334 2674 truce
349 2614 476 2670 endieris.
511 2611 567 2662 Cic.
583 2611 645 2662 Diu.
664 2611 693 2662 in
709 2613 788 2662 Gneo.
803 2611 828 2672 1,
839 2611 863 2662 3.
880 2627 931 2662 sere
948 2612 999 2661 inm
1014 2629 1045 2662 ne
1059 2613 1118 2664 dece
1132 2613 1233 2678 quidem

263 2699 494 2758 inminentibus,
511 2697 546 2745 nd
562 2711 623 2761 quos
644 2699 828 2762 confugerent,
848 2696 951 2746 trudere.
985 2693 1081 2762 Virgil.
1104 2697 1171 2748 Aen.
1188 2696 1231 2759 11,

261 2787 321 2842 139.
349 2792 374 2836 et
394 2784 447 2833 inne
471 2779 555 2830 Fame
584 2779 673 2828 vetans
688 2779 759 2830 tenti
778 2781 935 2845 praenuntia
955 2781 1052 2842 recem,
1079 2780 1232 2833 Erruredrnm

260 2867 428 2933 Euandrique
442 2864 527 2915 domes
541 2869 566 2915 et
585 2863 688 2940 moenia.
700 2863 823 2930 complet,
840 2880 906 2930 qnae
920 2865 1016 2914 medo
1038 2863 1161 2916 victorem
1176 2865 1231 2915 Le-

259 2958 297 3012 tio
315 2953 435 3007 Pallante
449 2951 562 3016 ferebat.
599 2948 648 3000 Ge.
663 2947 697 3012 4,
712 2947 773 3000 253.
799 2949 867 3018 qnod
889 2949 944 3002 inne
965 2965 1018 3001 non
1036 2947 1120 3000 dudiie
1136 2950 1231 3016 poterit

258 3053 406 3114 cognoscere
423 3037 511 3106 signis.
528 3034 547 3086 i.
564 3051 588 3087 e.
608 3041 688 3086 nutes
707 3032 797 3086 dubie.
1066 3089 1073 3104 1

290 3145 391 3199 bunun.
405 3140 431 3204 1,
444 3127 486 3192 63.Ι
508 3140 553 3194 red
572 3139 636 3192 mitri
660 3140 715 3204 ten
727 3153 826 3189 nemen.
845 3133 893 3188 uhi
908 3140 948 3188 eet
958 3135 1022 3201 teter
1039 3137 1125 3200 ιιΙιοιι,
1142 3136 1229 3188 erton.

232 3239 236 3248 ’
292 3245 352 3300 Ltv.
369 3243 394 3307 6,
411 3243 452 3308 15,
467 3243 492 3295 8.
510 3245 562 3294 iem
576 3241 666 3294 omisso
679 3241 751 3301 belle,
775 3241 841 3306 quod
854 3239 1002 3290 eimutntnne
1018 3240 1065 3302 eit,
1084 3239 1113 3290 in
1131 3256 1160 3290 ee
1179 3241 1229 3290 im-

256 3339 343 3402 petum
354 3330 434 3396 fieri.-
463 3329 517 3378 ione
542 3327 687 3376 dictatorem
711 3323 825 3390 profiteri
841 3323 1017 3390 patrocinium¹
1029 3327 1228 3390 foeneratorum

258 3417 377 3468 nduersne
391 3410 506 3480 plebem:
523 3409 577 3460 inm
592 3405 638 3456 net
648 3419 682 3474 pr
691 3405 784 3471 favore
799 3405 967 3458 multitudinis
980 3406 1073 3458 crimen
1093 3415 1119 3460 et
1137 3408 1229 3477 perni-

259 3501 320 3552 ciem
336 3495 431 3566 pneeri.
449 3492 496 3546 ubi
510 3504 634 3558 praesens
650 3494 756 3555 tempus
769 3489 912 3556 opponitur
927 3490 1084 3558 prneterito.
1176 3497 1178 3504 “

289 3599 321 3652 In
344 3595 461 3650 termule
489 3595 542 3645 tam
570 3594 652 3657 Ῐαιο,
684 3588 758 3643 cuius
780 3605 859 3642 urum
880 3592 1017 3644 illustrent
1037 3591 1170 3646 Prienensi
1192 3593 1228 3644 ed

188 3735 191 3742 ,
256 3682 362 3750 Apulei.
380 3683 445 3732 Met.
460 3697 485 3746 p.
500 3676 559 3728 235.
577 3683 604 3728 et
620 3675 780 3742 interpretes
794 3677 915 3728 Petronii
930 3677 972 3730 95.
990 3677 1134 3744 respicitur
1152 3678 1240 3744 prius,

255 3774 361 3832 tempus
382 3771 411 3815 et
433 3761 621 3828 consequentia
643 3776 744 3828 rerum.¹
785 3759 897 3812 Terent.
921 3761 969 3812 nd.
990 3761 1022 3826 2,
1039 3760 1073 3827 2,
1089 3761 1116 3813 1.
1141 3763 1224 3816 Ouid.

254 3849 334 3904 Rem.
349 3863 401 3899 em.
418 3845 479 3900 682.
496 3848 550 3898 iem
559 3849 621 3914 sace
639 3851 667 3895 ut
682 3845 796 3896 emeritis
811 3855 862 3898 nne
876 3847 911 3897 eit
926 3847 974 3897 itta
987 3847 1038 3898 tibi.

287 3953 457 4006 Burmannus
477 3947 511 4000 ed
528 3947 637 4000 Peteon.
655 3942 699 3997 44.
719 3955 828 4011 menet,
851 3948 879 3999 in
895 3947 985 3999 verbis
1008 3948 1062 3999 iam
1081 3948 1148 4012 scie,
1169 3948 1225 3999 inm
1297 3993 1300 3998 .

253 4037 302 4090 eeie
319 4035 374 4086 vim
390 4034 477 4084 inesse
494 4033 583 4084 linunt
603 4031 673 4098 quod
691 4043 835 4098 numquam
851 4032 1054 4100 deprehendere
1068 4031 1159 4099 potui,
1175 4033 1224 4083 sed

252 4137 361 4189 eernper
375 4118 524 4188 suspicetur
541 4131 616 4180 eum,
635 4131 730 4168 verum
746 4131 804 4166 esee
819 4114 996 4183 deprehendi:
1014 4124 1042 4169 et
1056 4118 1163 4179 confert
1175 4135 1222 4168 ex-
