2812 4732
186 357 190 366 ,
248 293 314 358 ssu
466 299 475 310 ·
526 273 771 366 incantus:
806 283 1029 382 manans..

212 491 218 496 .
247 443 331 510 vu.
347 438 566 530 Oudendorp.
584 442 608 507 1.
623 441 647 507 v.
691 394 1205 528 spuscuuum12‚1'.iaas
1230 460 1306 505 rur-

246 553 301 596 sus
325 537 482 618 quaerant
507 527 548 592 de
570 529 756 616 integritate
780 529 981 626 scripturae:
1005 526 1126 614 legitur
1149 527 1244 591 enim
1275 527 1306 590 in

246 617 387 704 antiquis
404 613 619 680 editionibus:
641 613 702 688 sed
719 636 761 678 ea
776 613 929 700 ingratis
952 636 990 693 aa
1013 612 1218 699 corporibus
1244 636 1306 676 no-

245 703 328 768 stris
351 702 384 768 ui
401 723 444 769 ac
464 700 667 765 necessitate
682 710 833 764 naturae
854 697 950 764 nabis
975 698 1158 764 accidant.-
1184 698 1222 764 in
1246 721 1304 762 eo·

248 787 376 856 dicibus
392 787 504 852 deesse
519 785 627 852 fertur
642 783 852 872 corporibus.

192 989 193 1000 ,
258 939 261 946 ’
330 921 360 981 1.
381 912 662 1002 significationem
677 913 789 998 ipsum
805 911 1003 977 vocabulum
1018 909 1185 977 ostendit:
1211 910 1303 976 nulia
1351 961 1352 964 ,

246 1002 369 1090 gratia,
401 1013 473 1064 non'
495 999 602 1081 ultro,
632 1009 763 1085 praeter
781 999 996 1072 voluntatem.
1047 998 1302 1060 Onomasticum

246 1087 440 1152 aVuleanio
466 1085 609 1150 editum:
634 1079 744 1166 αἐκητί.
794 1083 839 1151 Et
858 1106 962 1171 quum
988 1083 1106 1147 comici
1132 1083 1300 1168 originem

246 1174 339 1239 verbi
362 1173 609 1258 cognovissent,
629 1170 824 1235 substantivi
848 1193 944 1234 move
969 1169 1125 1233 dixerunt
1147 1170 1218 1232 tuis
1245 1170 1300 1232 in-

234 1260 394 1347 ·gratiis,
427 1257 519 1342 quod
550 1268 615 1336 est,
647 1267 681 1320 tc
704 1257 821 1322 invito.
869 1255 921 1322 Cf.
945 1256 1066 1322 Mutet.
1101 1254 1181 1318 Ver.
1211 1255 1300 1320 Lect.

248 1350 299 1429 18,
315 1350 345 1412 9.
367 1345 459 1409 Porei
473 1344 552 1408 Lex.
569 1343 641 1408 crit.
662 1363 696 1429 p.
716 1345 791 1407 608.

357 1465 449 1518 Plaut.
466 1465 528 1517 Cas.
543 1461 571 1529 2,
588 1461 615 1527 5,
629 1461 656 1514 ¹1.
675 1463 744 1516 uobis
759 1462 846 1515 inuitis
859 1469 884 1515 et
905 1463 1038 1515 amborum
1051 1461 1180 1530 ingratiis
1193 1479 1252 1515 urea
1268 1463 1300 1515 li-

312 1549 378 1604 belto
392 1551 457 1626 liber
466 1567 569 1623 possum
576 1549 650 1616 fieri.
685 1548 773 1600 Mero.
789 1545 816 1612 2,
828 1545 859 1613 4,
874 1547 916 1600 11.
935 1549 986 1600 tuis
1000 1547 1135 1618 ingratiis.

327 1691 359 1752 2.
382 1687 475 1768 Quae
493 1685 595 1772 igitur
609 1683 702 1750 inviti
718 1695 750 1749 et
767 1685 874 1749 coacti
892 1683 1041 1768 agimus,
1062 1683 1204 1769 ingratis
1228 1687 1297 1773 agi-

242 1791 328 1836 mus.
369 1772 518 1838 Donatus
533 1773 575 1836 ad
589 1771 620 1834 T
622 1781 725 1834 erent.
735 1770 818 1836 Eun.
836 1777 868 1851 2,
886 1778 915 1849 1,
933 1771 985 1833 14.
1015 1765 1296 1856 Ναιηιίιιςναιὶίε

242 1859 411 1924 nouultro
421 1854 610 1946 significat,
627 1857 707 1944 quia
723 1855 883 1928 ultronea
896 1857 1043 2004 mbram
1059 1857 1161 1940 (corr.
1169 1859 1294 1942 grata)

242 1956 340 2021 sunt,
362 1945 509 2032 ingrata
526 1965 613 2030 quae
628 1941 672 2006 ab
687 1942 836 2018 inimicis
859 1945 937 2026 (scri
963 1941 1124 2026 duritie)
1137 1939 1238 2030 fiunt
1256 1967 1296 2009 oc

241 2029 487 2095 recusantibus.
531 2027 616 2093 Galli
632 2026 907 2124 dicuntmalgrc'.
1029 2039 1030 2044 ’

343 2149 433 2202 Pleut.
451 2148 517 2202 cist.
530 2147 559 2214 2,
574 2147 600 2214 3,
614 2146 657 2201 82,
678 2165 746 2200 aune
767 2148 833 2200 atti
852 2149 933 2216 bonae
951 2143 1114 2198 mecummet·
1128 2163 1183 2200 esre
1202 2147 1291 2219 iugra-

277 2239 280 2254 '
309 2235 363 2299 tite,
380 2252 537 2304 qumquam
552 2245 605 2288 etse
615 2234 683 2286 uota.
715 2233 826 2297 Ειιιι..2,
843 2232 869 2295 1,
885 2229 929 2282 14.
946 2231 1134 2299 apostasiam,
1149 2240 1179 2283 ut
1193 2233 1290 2300 defod-

244 2378 246 2387 ,
308 2337 358 2392 ger
370 2337 456 2388 usque,
471 2319 596 2388 ingratiis
608 2327 639 2373 ut
652 2305 791 2370 dormiam.¹
826 2313 975 2378 Lucretd,
990 2313 1069 2368 1082.
1084 2317 1209 2385 effugere
1222 2319 1289 2371 baud

307 2406 377 2476 potis
400 2413 455 2468 est,
479 2405 595 2473 ingratis
614 2403 703 2455 haeret
722 2408 749 2455 et
771 2402 831 2454 odit.
866 2399 924 2452 cto.
942 2385 1024 2473 terr.
1044 2397 1070 2464 4,
1089 2398 1115 2464 9,
1133 2400 1175 2454 18.
1201 2404 1288 2470 duent,

311 2502 387 2560 φης’
403 2506 501 2542 neeesse
525 2489 591 2551 erit,
616 2488 740 2564 ingratis.
782 2484 831 2538 uhi
852 2482 1005 2552 Zumptius.
1047 2485 1157 2558 Apulei.
1176 2488 1245 2543 Met.
1265 2490 1289 2545 1.

308 2592 335 2643 p.
350 2572 412 2638 114,
427 2573 470 2625 12.
486 2574 542 2625 iam
557 2571 725 2624 obstinationi
740 2589 805 2626 suae
819 2589 860 2624 me
872 2570 988 2643 ingratis
1001 2570 1162 2624 obedientem
1173 2578 1289 2643 perducit

308 2661 346 2712 od
359 2660 435 2711 illum
443 2672 522 2708 -saam
535 2655 713 2724 potamum.

321 2795 354 2857 8.
374 2789 443 2855 Nec
459 2809 538 2854 vero
553 2798 683 2855 tantum
702 2809 779 2854 cum
796 2789 905 2858 verbis
928 2792 1038 2859 activis
1063 2797 1286 2882 componitur,

161 2929 168 2940 .
239 2875 296 2942 sed
313 2877 409 2942 etiam
425 2896 501 2942 cum
540 2875 650 2941 assivis
667 2876 731 2955 ita,
752 2887 787 2940 ut
804 2879 959 2966 ingratis
975 2879 1014 2942 ad
1025 2908 1028 2914 ·
1041 2899 1098 2943 eos
1114 2881 1286 2960 referatur,

240 2963 359 3050 quibus
376 2963 485 3036 invitis
503 2897 624 3047 aiiquid
640 2959 698 3025 fint
711 2961 752 3028 ¹ab
770 2963 851 3028 aliis.
894 2964 962 3028 Nec
975 2966 1098 3036 ,desunt
1126 2971 1285 3058 exempla,

237 3049 407 3139 inquibus
426 3047 618 3116 adverbium
641 3046 706 3111 hoc
730 3047 781 3113 vel
807 3051 989 3113 accusativo
1014 3053 1066 3118 vel
1093 3052 1205 3122 dativo
1233 3055 1286 3120 ed-

237 3137 403 3226 iungitur‚
423 3133 524 3201 veluti
539 3157 660 3224 cogere
677 3134 826 3224 aliquem
841 3135 1005 3222 ingratis.

341 3257 433 3315 Pluut.
449 3253 569 3320 Curat,
584 3253 611 3317 1,
625 3253 651 3307 6.
670 3261 759 3308 tamea
774 3263 810 3308 est
827 3257 954 3322 medum,
973 3275 1025 3326 ouo
1039 3257 1177 3326 tmperaret,
1194 3261 1285 3331 iugra-
1355 3255 1356 3258 ’

303 3339 357 3394 tis's.
389 3339 450 3391 Mil.
464 3339 490 3402 8,
504 3339 530 3402 1,
544 3335 603 3392 1532
621 3337 733 3391 Terent.
747 3339 860 3396 Pharin.
875 3340 902 3406 5,
917 3339 944 3406 7,
955 3340 981 3396 5.
1002 3341 1049 3411 (6,
1062 3340 1118 3410 48.)
1139 3363 1203 3396 uam
1221 3346 1285 3396 idea

287 3425 511 3494 *lucurgentum
532 3423 571 3476 ita
584 3431 615 3478 ut
635 3425 751 3478 datumst
773 3427 898 3496 ingratiis
919 3428 944 3479 ει·
965 3428 1057 3482 dutum
1073 3428 1131 3480 erit.
1166 3413 1285 3482 Librarii

305 3509 418 3579 quidam
432 3510 474 3564 bis
486 3507 532 3562 vel
547 3507 580 3560 tte
593 3524 644 3575 pro
655 3509 680 3560 ei
693 3507 876 3578 scripserunt,
895 3511 1003 3565 etiamsi
1018 3512 1052 3563 ds
1068 3528 1124 3563 unu
1147 3511 1284 3568 Phaedria

302 3611 392 3648 sermo
408 3597 475 3648 erut.
508 3590 619 3646 Ivucvet.
634 3589 668 3655 5,
683 3591 727 3646 44.
755 3612 822 3664 quae
838 3597 943 3667 proelia
968 3598 1039 3654 uobis
1065 3603 1145 3667 atque
1166 3599 1283 3667 pericula
1355 3641 1356 3650 ,

211 3676 215 3684 ’
280 3688 361 3734 aaut
375 3676 711 3749 ingratisiust'auaadum?
923 3673 925 3677 ’
973 3667 976 3682 ”

338 3781 430 3838 Plent.
443 3779 515 3833 Rnd.
529 3779 556 3845 8,
571 3777 598 3845 4,
612 3777 656 3834 66.
675 3781 740 3835 bare
753 3783 802 3836 stra
815 3789 853 3836 ert
868 3783 961 3849 amia,
978 3801 1045 3854 quae
1058 3784 1109 3838 aa·
1132 3785 1284 3838 mattae

240 3926 244 3931 ,
300 3883 332 3919 es
346 3865 407 3917 uida
420 3867 475 3918 uult
488 3867 585 3935 eripere
600 3852 733 3936 ingiatia's.
767 3867 841 3920 Men.
857 3866 884 3932 5,
893 3865 919 3931 8,
933 3865 960 3925 5.
977 3887 1053 3937 quoru
1063 3887 1114 3938 ego
1128 3885 1234 3922 ascum
1247 3877 1282 3922 te-

300 3968 349 4018 oue
363 3951 445 4019 eripio
459 3949 487 4002 ui
499 3951 645 4020 pugnaudo
659 3951 794 4021 ingratiis.
828 3951 889 4004 Cur.
903 3952 932 4018 2,
944 3953 970 4017 2,
984 3953 1028 4005 22.
1043 3957 1105 4022 quta
1123 3957 1188 4006 mibi
1202 3955 1281 4006 ased-

301 4036 388 4109 lularu.
397 4036 524 4104 ingratiis
537 4036 676 4105 postulat,
693 4053 758 4104 quae
772 4053 831 4110 mea
846 4046 890 4091 eat.
922 4039 983 4091 Mit.
997 4039 1024 4104 2,
1039 4037 1065 4103 t,
1080 4037 1123 4091 89.
1141 4039 1242 4106 Amph.
1256 4035 1280 4100 1,

302 4118 329 4186 1,
343 4117 379 4172 1⁰
393 4116 461 4187 (18).
477 4116 591 4175 Terent.
612 4119 755 4186 Heautss,
771 4117 857 4188 1,88.
882 4137 914 4179 ee
930 4131 1020 4178 enada
1037 4124 1162 4194 ingratiis
1177 4122 1280 4194 aaudiat
