2738 4730
115 325 120 336 ,
200 237 269 310 aar
552 299 556 304 .
650 201 798 306 mue.
846 234 882 264 =·

273 389 409 446 verbm
428 388 501 444 nobie
519 391 683 472 paupertps,
706 390 787 442 inmo
808 391 910 458 egestas
931 387 983 453 eit,
1002 405 1146 466 nunqnam
1172 391 1269 462 magio

272 493 351 546 quom
364 474 490 528 bodierno
505 476 547 528 die
561 475 686 528 intellexi.
720 471 851 526 Asconius
867 472 896 526 in
919 473 1080 548 Giejlerr.
1102 473 1130 540 2,
1150 475 1177 539 l,
1193 474 1220 528 θ’.
1235 485 1270 532 ὀι
1347 507 1349 513 ·

270 564 345 616 ualet
358 562 394 614 ad
411 561 578 630 suspicionem
589 575 759 628 magnopere,
774 560 853 612 immo
866 557 1013 628 opinionem
1026 561 1169 629 uelpotiuo
1177 564 1270 629 fidem

273 647 399 715 redempti
416 646 558 697 Hortensii.
594 641 748 707 eueniunt,
768 643 793 708 l,
806 641 849 696 30.
869 643 891 695 ci
907 644 955 696 boe
974 638 1074 696 'crimen
1095 651 1149 710 est,
1164 664 1270 715 paucos

273 733 418 784 innoeentes
438 732 535 794 bobes,
564 729 642 781 immo
667 729 769 780 bcrcule
803 728 939 780 neminem.
984 718 1097 782 steron.
1125 730 1198 800 Aug.
1220 728 1269 783 65.

273 816 455 887 Agrippinam
478 815 562 866 nihilo
581 813 802 878 tractabiliorem,
820 813 899 866 immo
913 811 942 865 in
966 813 1022 866 dies
1043 814 1211 870 amentiorem
1237 817 1270 869 in

272 901 386 957 imulam
399 899 592 970 transportauit.
609 896 653 950 98.

210 1027 322 1106 Quom
352 1045 431 1088 vero
462 1021 627 1088 rationem
660 1021 776 1086 Cicero
808 1030 967 1108 sequutus
993 1020 1111 1105 fucrit,
1148 1045 1192 1088 ex
1225 1023 1268 1088 iis

209 1111 306 1178 facile
322 1109 533 1196 intelligitur,
555 1106 673 1191 quibus
691 1105 841 1171 eamdem
859 1110 1054 1172 sententiam
1077 1110 1269 1197 exprimere

211 1197 390 1278 consuevit.
453 1192 575 1258 Plinius
606 1193 927 1280 enim‘eoripsissetc
967 1195 1052 1325 prid
1080 1196 1143 1259 isti
1179 1195 1269 1260 mali

196 1278 473 1368 'nonfeoissent,
495 1279 599 1342 immo
615 1277 698 1363 qnid
714 1301 783 1342 non
796 1277 973 1366 fecerunt.
1021 1285 1063 1345 At
1084 1282 1202 1346 Cicero
1224 1282 1268 1346 ad

211 1374 279 1435 Au.
297 1369 327 1444 6,
353 1373 382 1429 1.
404 1363 486 1451 quid
504 1363 646 1427 tarzdem
661 1363 721 1426 isti
737 1365 825 1428 mali
847 1365 885 1428 in
909 1375 983 1429 tom
1005 1377 1126 1432 tenera
1150 1368 1269 1432 insula

213 1477 280 1521 non
290 1446 481 1544 fecissent?
521 1445 601 1513 Non
609 1445 778 1537 jecissent
793 1447 934 1514 nortem?
961 1453 1072 1516 Immo
1087 1453 1171 1540 qnid
1185 1465 1267 1518 ante

213 1539 398 1605 adventum
430 1555 540 1597 meum
568 1532 846 1622 nonvfeoerunt?
898 1536 961 1602 Vbi
993 1539 1093 1602 simul
1125 1539 1265 1604 observa

211 1624 452 1714 proprietatem
468 1619 644 1706 particulae
660 1633 795 1685 antem:
817 1621 858 1685 de
876 1623 1055 1708 quaTom.
1074 1631 1101 1689 1.
1120 1647 1155 1712 p.
1170 1626 1245 1691 575.

314 1742 374 1814 (Ξὶο.Ι
396 1741 432 1796 etl
452 1741 508 1794 Act.
527 1735 560 1803 b,
576 1735 618 1789 13.
642 1749 665 1793 et
687 1743 711 1794 si
734 1741 876 1811 intelligis,
895 1761 975 1810 quam
996 1759 1081 1796 meum
1102 1745 1137 1797 eit
1159 1745 1224 1797 scire
1240 1751 1265 1798 et
1358 1779 1359 1786 κ

281 1846 393 1901 curare,
411 1827 473 1897 quid
487 1827 514 1878 in
532 1841 560 1876 re
574 1823 679 1892 publica
690 1829 763 1894 fiat:
778 1828 834 1893 flat
855 1826 967 1878 autem?
989 1829 1083 1909 *immo
1102 1847 1162 1883 vm
1187 1830 1264 1883 aim
1358 1807 1359 1866 ἶ

263 1913 266 1918 '
282 1915 346 1983 puid
355 1917 480 1980 futurum
498 1911 541 1972 sit,
561 1908 690 1977 perscribe
705 1913 739 1962 ad
751 1927 791 1963 me
809 1911 906 1961 omnim

250 2001 253 2008 '
316 2013 375 2068 cn.
389 2032 416 2082 ρ.
435 2014 509 2066 stne.
532 2008 584 2074 25,
606 2005 650 2061 ss.
674 2025 737 2059 nam
759 2011 830 2064 tn..
843 2013 946 2080 ,uum
961 2021 1023 2068 unc
1038 2015 1185 2069 cumton
1203 2017 1264 2082 etue

278 2101 421 2152 wcentibus
433 2097 545 2150 dicam?
562 2097 641 2150 immo
654 2111 712 2145 cero
725 2094 806 2145 etiam
821 2098 1029 2168 approbantibus·
1298 2112 1303 2117 “

300 2239 353 2299 11.
387 2233 502 2300 Manet
525 2231 659 2318 antiquo
681 2229 832 2299 vocabuli
856 2228 1069 2317 significatio,
1101 2255 1185 2321 quae
1216 2245 1262 2300 est

150 2381 156 2396 ,
214 2332 355 2400 contra,
380 2321 444 2385 sed
470 2317 645 2383 invertitur
669 2316 829 2382 orationis
851 2324 1012 2384 structura
1034 2321 1070 2385 in
1095 2321 1154 2404 iis,
1180 2341 1263 2407 quoe

211 2406 408 2499 particulam
423 2405 458 2470 in
476 2403 618 2470 mediam
636 2403 820 2468 orationem
836 2401 1009 2489 recipiunt.

313 2527 373 2582 htv.
389 2525 433 2592 bb,
447 2525 490 2589 te,
506 2524 547 2577 ls.
568 2539 631 2577 nam
644 2525 713 2591 qaod
728 2524 852 2592 optimum
867 2538 920 2574 esre
940 2523 1047 2588 dicant,
1066 2545 1115 2581 non
1136 2527 1264 2599 imni

145 2623 149 2626 '
259 2631 329 2667 *ooo
345 2613 429 2676 bello,
448 2611 517 2661 nibil
531 2609 611 2660 immo
625 2615 679 2659 torn
700 2608 816 2662 alienum
836 2608 909 2661 rebuo
925 2609 1019 2662 restria
1031 2615 1078 2661 est.
1111 2613 1154 2666 ltu
1177 2611 1263 2681 plats.

65 2729 69 2743 .
166 2730 176 2735 -
279 2696 321 2750 mi
334 2695 411 2748 codd.
429 2691 511 2762 pauci
525 2706 593 2743 vero
605 2692 673 2742 nibil
688 2697 744 2743 tom
758 2708 872 2756 omum,
889 2694 968 2745 immo
984 2701 1041 2747 tam
1055 2694 1169 2746 obenan
1186 2699 1263 2751 rebus

279 2781 372 2834 metris
392 2787 440 2834 ert.
484 2775 600 2845 Quintil.
618 2774 717 2839 11,1‚
740 2772 783 2827 bt).
810 2785 1030 2831 commoraturos
1049 2779 1187 2846 mquam
1211 2783 1263 2834 eina

273 2871 403 2938 samana,
416 2880 496 2936 ‘quem
509 2861 637 2915 tumidum
652 2877 684 2912 oo
703 2862 746 2912 eui
769 2861 909 2914 iactantem
929 2870 955 2917 et
974 2863 1141 2916 ambitiosum
1159 2861 1265 2941 instito-

278 2968 334 3006 rem
348 2948 506 3020 emouentiae
526 2947 555 3000 in
572 2945 688 3014 ancipiti
696 2951 770 2998 corte
783 2946 891 2998 rideat?
924 2947 986 3000 Non
998 2947 1078 3002 immo
1093 2947 1179 3002 oderit
1192 2965 1264 3004 recem

158 3032 161 3036 ’
276 3038 355 3092 uerba
371 3040 543 3105 aucupantem
556 3039 580 3085 et
593 3032 703 3085 annium
720 3031 753 3084 de
761 3034 844 3099 sama
858 3028 987 3101 ingenii?
1120 3108 1132 3146 ⁴

292 3179 345 3239 12.
369 3174 482 3255 Quare
499 3191 586 3256 nuno
601 3167 777 3233 dicendum
796 3175 846 3232 est
868 3165 1017 3246 deloco,
1041 3190 1143 3256 quem
1170 3169 1259 3237 obit

206 3270 284 3327 neat
301 3259 479 3346 particula,
509 3276 609 3340 quam
631 3255 836 3340 antiquiores
859 3252 1040 3339 scriptores
1060 3278 1194 3343 semper
1218 3257 1260 3322 ab

205 3346 301 3414 initio
323 3343 557 3420 enuntiationis
575 3338 824 3404 collocaverant.
868 3338 932 3403 Sed
959 3340 1017 3426 qui
1039 3352 1118 3428 post
1141 3344 1259 3428 Augu-

204 3442 293 3496 stum
303 3430 468 3506 vixerunt,
483 3427 581 3490 etiem
621 3425 784 3490 oraemissis
801 3443 867 3488 uno
882 3423 1074 3510 pluribusve
1090 3427 1259 3494 vocabulis

204 3539 277 3583 eam
292 3510 560 3602 interponebant.
580 3447 693 3596 litque
708 3512 836 3598 primus
852 3511 997 3576 ostendit
1011 3513 1133 3593 Livius,
1157 3515 1259 3580 etiam

193 3602 237 3668 'in
253 3600 305 3666 his
321 3623 411 3673 novo
425 3595 555 3664 soeculo
572 3595 815 3662 adscribendus.
858 3596 977 3683 Baetae
993 3597 1029 3662 in
1045 3599 1142 3664 omni
1156 3597 1258 3664 huius

184 3687 379 3775 ‘particulae
395 3707 457 3750 usu
476 3682 647 3748 liberiores
664 3692 893 3779 sogesserunt.
1006 3742 1010 3746 .

304 3805 337 3861 ln
351 3805 453 3860 Plauti
474 3801 621 3856 comoediis
648 3801 805 3856 (bronurius
833 3803 886 3856 dno
915 3805 1043 3874 exemplu
1071 3805 1257 3876 elegantioris

268 3908 350 3958 urna,
367 3890 469 3956 nteit,
491 3905 520 3942 se
534 3887 671 3942 invenisse
684 3893 779 3942 nutat
796 3888 831 3942 ud
847 3888 926 3956 capr.
943 3889 970 3955 2,
985 3889 1013 3955 2,
1028 3888 1089 3944 tut.
1123 3892 1160 3944 At
1181 3891 1255 3944 ulte·

265 3992 330 4029 rum
346 3975 382 4030 ab
394 3973 523 4033 ecimus
541 3975 647 4028 factum
660 3977 736 4026 erat:
753 3989 818 4028 nam
831 3971 861 4027 in
878 3974 941 4028 elul.
954 3973 987 4040 4,
1003 3973 1054 4042 lu,
1070 3973 1116 4028 84.
1138 3982 1254 4046 peteres

263 4061 330 4118 libri
344 4047 466 4118 babenti
488 4061 533 4116 η’.
555 4058 671 4133 Negas?
689 4073 734 4114 nr.
754 4059 890 4135 Pernegos
914 4061 994 4117 immo
1015 4077 1097 4133 neque
1120 4078 1172 4133 ego
1197 4078 1253 4118 ou·
