2738 4730
589 339 647 408 tu.
723 318 727 328 “
775 380 777 386 .
1076 346 1149 415 uls

94 495 129 562 in
146 518 180 562 n.
199 498 240 562 'lc
277 495 320 560 At
336 515 400 582 pro
417 477 589 582 imprimis
604 494 725 582 legitur
746 493 834 583 apud
860 493 928 570 Cic.
953 496 993 564 de
1015 497 1091 566 Nat.
1115 501 1150 572 d.
1329 525 1331 532 ·

95 587 132 662 1,
156 588 194 662 1,
218 587 250 647 2.
275 579 365 668 quod
388 603 465 646 uero
488 581 639 646 maxime
658 604 732 646 rem
748 601 970 670 caussamque
986 587 1148 671 continet,

94 679 207 732 utrum
223 667 314 732 uilril
329 677 443 754 ugoni
462 703 507 716 ·-
531 691 579 732 on
599 679 721 734 contro
739 666 784 731 ob
797 669 851 732 luis
875 679 908 732 et
931 692 955 734 u
974 672 1149 761 principio

93 754 211 818 omnio
225 750 323 838 fucta
342 765 376 818 et
391 753 578 818 constituto
594 753 664 818 siut
685 788 745 834 ·-,
766 753 1000 842 imprimisque
1014 780 1149 847 magno

94 839 260 904 dissensio
278 832 340 905 est:
384 837 519 902 Dictum
535 849 652 925 putant
672 837 902 924 gemmatici,
927 852 964 905 ut
983 844 1149 932 hodieque

90 947 155 1075 pro
172 923 293 999 hodie,
316 923 356 987 de
379 945 446 1010 quo
467 945 528 987 suo
546 925 623 988 loeo
642 925 719 988 satis
743 925 944 1010 expositum.
975 930 1149 1020 'Wytten-

115 1009 243 1092 achias,
267 1007 414 1072 Wolfius
433 1008 551 1096 aliique
566 1009 753 1097 exstirpant
769 1009 851 1074 illud
873 1033 953 1098 que,
979 1016 1070 1102 quod
1087 1018 1148 1084 etsi

91 1096 236 1162 alienum
262 1095 301 1160 ab
326 1115 386 1158 usu
410 1095 596 1177 Ciceronis,
615 1105 728 1160 tamen
762 1095 850 1161 unde
872 1101 1017 1182 venerit,
1045 1107 1147 1169 namo

94 1180 345 1246 demonstravit.
403 1179 560 1266 Reliquae
596 1179 843 1246 emendationes
877 1192 993 1251 omnes
1025 1188 1147 1254 nullius

2 1293 9 1302 ’
90 1269 181 1354 frugi
201 1266 458 1339 emendentur,
479 1277 721 1354 praeteream,
745 1263 845 1352 quarn
861 1268 1032 1336 Ernestius
1051 1275 1154 1368 inve'q

87 1354 155 1435 nit,
180 1373 268 1418 nuuc
292 1352 392 1416 etiam
416 1351 567 1418 Cremeri
593 1353 705 1416 codice
729 1349 905 1420 firmatam.
957 1357 1148 1426 Praemissis

89 1440 176 1505 enim
194 1437 299 1502 verbis
316 1435 421 1524 deque
436 1437 490 1501 iuis
505 1451 639 1502 summu
650 1439 935 1525 philosophorum
957 1441 1146 1518 dissensio-

90 1547 132 1590 ne
156 1519 308 1588 certatur
331 1543 402 1586 non
427 1523 504 1592 satis
533 1535 609 1611 apte
643 1525 808 1588 adduntur
838 1527 937 1591 verba
972 1529 1146 1616 imprimis
1214 1557 1217 1566 ¹

88 1633 221 1697 mogun
238 1608 406 1673 dissensio
423 1621 483 1674 est.
520 1611 592 1696 'Sed
610 1609 727 1674 Cicero
743 1613 884 1694 mutavit
905 1615 1090 1682 orttionem
1107 1619 1145 1684 in

88 1695 173 1760 hanc
195 1693 414 1760 sententiam:
439 1695 529 1780 quod
560 1717 638 1760 vero
663 1697 811 1760 maxime
831 1711 904 1774 rem
930 1721 1077 1768 caussam
1103 1725 1146 1771 ue
1248 1708 1253 1714 ”

89 1781 254 1862 continet,
285 1779 363 1866 (hoc
390 1777 472 1866 est‚)
500 1791 615 1846 utrum
638 1781 723 1846 nihil
745 1792 843 1868 agant
865 1783 929 1859 dii,
959 1809 1000 1850 an
1025 1787 1065 1852 ab
1116 1792 1144 1855 is
1245 1845 1250 1863 Ι

88 1868 200 1932 omnia
218 1878 376 1952 regantur
392 1877 489 1952 atque
512 1878 725 1932 moveantur:
751 1867 986 1957 imprimisque
1009 1895 1145 1962 magna
1186 1899 1191 1950 3

85 1952 254 2018 dissensio
270 1963 320 2016 ⁶⁸5
340 1974 393 2024 θα,
418 1975 504 2038 quoe
520 1954 589 2018 nisi
604 1953 812 2026 diiudicetur
826 1953 865 2018 in
879 1977 1010 2022 summo
1027 1983 1143 2026 errore

84 2060 222 2106 necesse
232 2048 287 2101 est
302 2037 454 2102 homiues
470 2049 570 2126 utque
586 2039 624 2104 iu
642 2041 876 2106 maximarum
899 2063 1016 2110 rerum
1037 2045 1143 2134 igno-

82 2124 224 2192 r'utioue
240 2121 381 2188 uersari.
666 2159 672 2166 .

562 2294 657 2384 IN'
740 2291 842 2422 .

10 2555 14 2562 .
168 2474 335 2544 Plurimae
370 2475 500 2566 linguae
535 2487 723 2564 congruunt
752 2477 786 2544 in
825 2482 1071 2572 praepositione
1102 2504 1141 2553 tu
1182 2557 1185 2570 ,

84 2565 221 2652 eiusque
238 2564 348 2630 forma
365 2587 401 2628 ac
417 2562 676 2630 construetione.
722 2567 792 2630 Vna
809 2569 897 2635 enim
923 2593 1002 2637 voce
1025 2583 1058 2637 et
1073 2583 1142 2638 sta-

86 2664 159 2716 tum
177 2653 210 2718 in
230 2651 339 2750 aliquo
354 2650 429 2714 loco
453 2660 636 2716 etinctum
659 2649 696 2714 in
715 2649 858 2738 aliquem
878 2655 994 2723 locum
1015 2657 1144 2748 signill-
1204 2732 1207 2739 ⁵

85 2741 182 2816 coiit,
207 2735 370 2823 siqu1dem
396 2736 599 2801 Graecorum
623 2739 666 2812 εἰς
689 2740 839 2804 eamdem
862 2745 1025 2829 originem
1047 2745 1142 2810 duxit

84 2845 127 2888 ex
143 2825 209 2902 ἒνς,
230 2823 320 2888 unde
338 2821 422 2887 facta
438 2833 514 2886 sunt
530 2822 563 2887 ἐν
579 2833 611 2886 et
628 2825 683 2887 εἰν.
730 2825 803 2888 Vid.
817 2826 976 2895 Matthiae
992 2831 1142 2898 Gramm.

83 2931 136 2998 gr.
157 2913 231 2987 578,
253 2912 282 2973 1.
304 2917 336 2972 et
354 2909 463 2973 Carol.
490 2908 594 2972 Gottl.
620 2908 797 2997 Schmidtii
817 2909 949 2992 Quaest.
964 2916 1018 2980 'de
1042 2919 1142 2980 Prae-

82 2994 185 3084 posit.
202 2993 325 3082 graecis
343 3015 377 3081 p.
387 2997 418 3058 8.
441 2994 551 3057 Latini
566 2993 604 3056 iu
612 3013 675 3080 pro
696 2997 738 3073 ἐν,
756 2995 845 3060 endo
859 3002 1029 3084 pro'l'udou
1044 3001 1142 3066 dixe-

82 3090 182 3158 runt,
201 3080 252 3144 'de
270 3101 337 3166 quo
362 3079 428 3142 vid.
449 3077 551 3142 Tum.
568 3084 600 3141 2.
622 3101 656 3162 p.
672 3085 747 3145 378.
793 3082 880 3146 Haec
906 3106 985 3150 vero
1006 3097 1142 3173 etymo-

82 3165 194 3252 logiae
213 3163 427 3230 fundamenta
451 3185 521 3227 non
543 3163 741 3228 satisfacient
765 3165 804 3230 iis
829 3169 906 3234 viris
930 3169 1056 3252 doctis3
1082 3171 1141 3258 qui

82 3252 239 3316 omnium
262 3249 503 3316 vocabulorum
530 3250 655 3313 semina
684 3270 726 3314 ex
751 3251 914 3319 lndorum
947 3257 1139 3344 regionibus

82 3348 266 3424 apportare
289 3336 419 3401 solent:
453 3357 654 3422 quamquam
676 3335 741 3422 ipsi
760 3361 879 3426 magna
912 3342 1142 3430 desperatione

82 3421 295 3499 afficiuntur,
317 3443 422 3508 quum
439 3423 568 3494 vident,
595 3421 632 3484 iu
658 3431 691 3484 et
714 3424 747 3486 ἐν
765 3445 834 3488 non
860 3425 956 3492 facile
979 3449 1141 3514 possessex

80 3509 203 3573 indico
218 3507 311 3574 fonte
330 3508 481 3573 derivari.
525 3507 609 3572 Nam
626 3506 716 3596 quod
733 3507 882 3594 Lischius
906 3515 940 3578 in
962 3513 1079 3578 libello
1100 3515 1141 3583 de

80 3593 391 3682 Praepositionibus
405 3593 567 3657 invenisse
585 3591 648 3656 sibi
661 3593 747 3656 visus
769 3607 856 3675 erat,
877 3599 914 3662 in
938 3620 1007 3662 esse
1028 3599 1141 3668 inver-

81 3701 161 3744 sum
177 3679 216 3744 ui
235 3680 380 3744 indicum
390 3727 399 3761 ,
422 3679 568 3764 Boppius
585 3678 687 3762 qualis
705 3679 747 3742 sit
764 3680 860 3746 huius
876 3685 1068 3751 eruditionis
1085 3707 1140 3752 ve·

78 3767 163 3831 ritas
185 3765 327 3829 declarat
343 3767 377 3828 in
404 3765 556 3828 Gratum.
580 3763 727 3828 sanserit.
748 3789 782 3831 n.
802 3775 872 3832 111.
896 3769 1140 3855 demonstrans,

78 3851 165 3917 illud
189 3851 228 3915 ui
254 3849 452 3935 significare·
468 3847 643 3925 deorsum,
669 3848 741 3913 sith.
791 3852 993 3921 Schmidtius
1020 3869 1140 3939 autem,
1248 3899 1251 3906 -

79 3936 235 4001 indicum
269 3947 376 4001 autor
409 3931 629 4024 comparans,
660 3933 883 4024 habentque
908 3945 1141 4030 cognationem

79 4021 293 4088 demonstret
308 4019 489 4088 verborum
502 4019 741 4086 diversissimae
757 4023 1004 4110 significationis
1020 4031 1070 4106 ἐν,
1092 4029 1140 4106 iu,

79 4103 172 4187 dccl,
202 4111 293 4173 unte.
344 4107 410 4171 Sed
431 4106 583 4194 Boppius
615 4105 655 4172 in
674 4108 863 4192 Commeat.
897 4113 972 4177 Soc.
993 4113 1141 4178 Berolin.

79 4193 164 4262 anni
182 4196 275 4260 1826.
293 4214 329 4282 p.
344 4196 387 4260 86
405 4203 436 4260 ct
452 4199 506 4264 92.
522 4191 620 4284 docet
634 4191 673 4258 iu
695 4203 727 4258 ct
750 4193 1019 4347 ilprqnominale
1043 4197 1140 4283 unius
