2738 4730
97 271 100 278 ’
205 245 271 330 noe
702 256 761 324 tN.
1144 345 1146 350 Ι

244 483 249 490 .
274 419 343 468 rent.
391 414 485 482 Quare
513 413 589 470 baud
620 411 706 468 iacile
732 404 836 467 uiatori
862 411 964 482 peterit
994 411 1024 466 iu
1050 409 1168 482 Septim.
1195 411 1269 466 Bell.

275 499 354 554 Troi.
369 499 404 564 1,
422 500 462 552 19.
487 519 554 570 poce
575 501 602 552 in
623 501 756 568 ednspecto
780 500 951 568 popularium
969 505 1096 553 cernat:
1120 515 1215 564 neque
1240 497 1269 549 in

273 587 436 654 Argument.
453 586 511 659 tiu.
526 585 552 639 3.
576 586 689 640 Metam.
705 583 786 638 Ovio.
805 585 861 637 iob.
878 583 903 637 1.
937 584 979 638 tc
998 583 1126 637 eandem
1147 587 1270 636 aetatem
1357 633 1358 650 ,

273 669 375 724 referri
398 671 482 725 debet
505 671 624 726 Phaedr.
646 667 792 744 9,1,15.
819 671 928 740 quinum
945 671 1066 724 cinaedos
1088 669 1133 721 ille
1158 669 1186 720 in
1208 686 1270 720 eoo-

273 765 362 831 specto
377 774 434 810 rnen
449 758 529 838 cadet
545 757 642 810 venire.
672 753 744 808 Num
760 755 796 808 ab
819 761 932 809 auctme
953 753 1037 808 buius
1056 753 1170 808 tabidae
1187 753 1268 806 illam

275 841 458 896 subtilitatem
474 843 593 896 alienam
607 846 689 910 puto,
707 856 762 908 qua
775 841 864 894 rerba
884 839 914 892 iu
930 840 1004 892 bunc
1027 838 1152 892 ordinem
1173 838 1269 908 redigi

274 925 398 980 diritaius
418 926 511 980 iubet:
541 926 653 996 quinam
677 925 806 978 cinaedus
827 923 895 989 itte,
919 923 967 994 qui
987 923 1016 978 iu
1031 931 1180 993 conspectu
1204 941 1268 978 meo

274 1019 331 1078 est,
350 1012 432 1066 audet
452 1013 507 1064 buc
529 1011 683 1064 accederet
719 1012 798 1078 Quae
818 1009 1061 1064 Drakenborcbius
1084 1010 1114 1064 in
1138 1011 1290 1070 eaurdem¹

273 1097 436 1150 seutentiam
457 1095 572 1166 protulit
586 1097 621 1150 ad
638 1095 699 1150 biv.
715 1093 801 1161 ’1,49,
816 1095 843 1150 l.
860 1113 914 1148 non
929 1097 1020 1165 magia
1037 1097 1110 1150 baue
1122 1113 1184 1148 rem
1198 1111 1269 1148 con-

273 1183 394 1248 firmant,
410 1191 438 1236 et
448 1183 519 1249 quod
535 1181 564 1234 in
574 1181 635 1234 biv.
650 1180 676 1244 9,
692 1179 737 1246 21,
752 1179 778 1235 4.
798 1182 834 1234 ab
851 1180 979 1234 omnibus
991 1180 1130 1234 codicibus
1140 1181 1271 1235 exbiberi

274 1267 375 1320 dicitur
390 1276 475 1321 eostre
492 1269 520 1320 in
534 1275 669 1338 conspectu
687 1267 798 1318 bostibor
817 1267 900 1332 doto,
920 1282 953 1318 eo
968 1266 1048 1318 modo
1063 1274 1105 1320 eet
1118 1267 1269 1338 corrigen-

274 1351 357 1418 dum,
378 1369 458 1420 quem
474 1353 501 1416 3,
516 1349 560 1418 oo,
575 1353 601 1405 9.
622 1342 755 1406 1111111πί
777 1357 939 1405 monstrant.
972 1352 1031 1406 Nec
1051 1352 1198 1406 credamus
1221 1352 1269 1406 ci·
1360 1367 1361 1410 u

238 1454 241 1458 ·
271 1453 400 1490 eoronam
415 1437 557 1506 scripsisse
575 1441 654 1492 Brut.
669 1437 723 1503 99,
739 1435 800 1490 219.
817 1439 846 1490 io
864 1445 958 1490 aeooto
980 1423 1008 1490 se
1033 1438 1147 1506 Caesare
1163 1439 1268 1490 cornute
1360 1435 1361 1438 ’

271 1539 325 1574 oon
342 1525 478 1576 accederet
497 1541 549 1576 nec
566 1524 701 1576 Senecam
720 1522 755 1574 de
770 1514 869 1576 Bene't.
883 1520 909 1585 3,
924 1519 967 1572 31.
985 1522 1014 1573 in
1030 1523 1122 1575 ordine
1135 1524 1267 1592 redigere,

271 1611 319 1660 aut
327 1607 353 1672 1¹,
366 1607 393 1660 3.
408 1608 438 1660 io
452 1610 617 1662 matrimonio
630 1609 769 1679 proderit:
785 1623 855 1674 qaue
871 1605 975 1660 criticis
989 1623 1043 1658 uon
1057 1607 1268 1676 displicuerunt.

272 1691 368 1760 Inepte
392 1694 477 1754 etiam
495 1695 642 1748 defendunt
659 1695 687 1746 in
706 1691 779 1746 bivii
793 1691 845 1756 39,
860 1690 904 1756 42,
920 1689 947 1744 1.
964 1689 1015 1756 49,
1030 1691 1080 1756 18,
1096 1692 1122 1744 7.
1140 1694 1267 1746 corsiieere

272 1778 299 1831 in
318 1797 429 1833 carcere.
465 1779 537 1832 Otho
553 1781 580 1834 in
598 1779 702 1834 Gitanii
718 1778 834 1830 observ.
852 1787 881 1845 p.
896 1774 956 1828 229.
978 1793 1007 1828 se
1029 1774 1058 1828 in
1080 1776 1176 1828 codice
1187 1776 1266 1830 'Pti-

272 1863 360 1916 aciani
381 1864 517 1917 invenisse
530 1873 624 1918 narrat
639 1865 728 1918 verbo
750 1861 850 1916 Naevii
863 1862 890 1916 6.
906 1880 934 1931 p.
948 1859 1010 1914 919.
1027 1862 1111 1914 eoenit
1131 1863 1159 1914 io
1180 1872 1266 1916 mente

273 1949 409 2002 bominum
424 1955 560 2018 fortunas,
585 1966 636 2016 pro
657 1950 681 2002 ei
703 1948 821 2002 venitin
838 1956 950 2000 mentem
972 1953 1001 2000 et
1022 1964 1048 2014 p.
1070 1944 1148 1998 1993.
1174 1948 1265 2000 verba
1361 1999 1362 2008 ,

234 2075 240 2084 .
272 2031 399 2085 Terentii
421 2035 564 2092 ePhorrn.
580 2034 606 2100 l,
621 2034 648 2098 3,
662 2033 689 2086 5.’
707 2035 776 2102 quod
793 2033 898 2088 utinam
922 2050 956 2086 oe
979 2033 1130 2084 Phormioni
1152 2034 1182 2085 id
1201 2051 1266 2086 auo-

221 2157 224 2162 ,
271 2117 333 2168 dere
346 2118 375 2168 io
390 2126 472 2171 mente
488 2121 628 2172 incidisset.
663 2117 881 2184 Sedlibrarins,
898 2115 1047 2185 quieverit
1069 2117 1194 2170 scribere
1216 2135 1285 2186 po-·
1362 2177 1363 2180 Ἴ

272 2198 343 2264 tuit,
374 2202 481 2260 nullam
502 2203 586 2256 fidem
608 2201 729 2258 inveniet
749 2203 779 2257 in
801 2201 924 2276 reliquis.
957 2201 1015 2256 Nee
1034 2201 1181 2270 quisquam
1206 2209 1264 2257 taur

269 2283 380 2356 ineptas
394 2293 455 2352 ast„
467 2293 499 2341 ut
514 2287 645 2358 adhibeat
660 2290 816 2358 exemplum
831 2287 929 2357 tingit.
950 2288 1018 2342 Aen.
1032 2285 1066 2353 b,
1081 2285 1143 2340 344.
1160 2291 1264 2358 gratior

190 2368 193 2372 ’
267 2379 294 2426 et
312 2375 404 2442 potero
424 2376 528 2428 uenient
549 2377 579 2428 io
602 2393 707 2445 corpore
730 2375 822 2428 virtus.
854 2371 903 2426 ubi
924 2373 1013 2426 uenire
1041 2389 1090 2440 pro
1116 2389 1264 2442 apparere,

270 2457 417 2530 ἔρχεσθαι,
441 2461 551 2514 dicitur.
585 2460 715 2528 Corrupti
736 2465 798 2514 suut
819 2459 904 2512 etium
926 2458 958 2512 hi
971 2457 1042 2510 loci:
1066 2458 1264 2527 Caecii.fapud
1363 2477 1364 2532 ᾗ

268 2547 338 2601 non.
355 2550 388 2614 e,
405 2547 468 2602 ero.
493 2554 574 2600 rana
591 2547 652 2599 aare
672 2531 774 2616 ravair
787 2547 815 2598 n
838 2546 919 2622 ...πει
936 2545 1084 2598 πωπω.
1128 2535 1264 2620 metiore·

271 2633 346 2685 enim
363 2633 430 2686 iibri
446 2635 473 2686 in
488 2634 578 2685 cordo.
611 2632 699 2683 Varro
715 2631 750 2682 de
770 2632 813 2684 tto
829 2649 852 2684 r.
869 2631 903 2695 2,
917 2628 966 2694 19,
982 2619 1034 2680 ll.v
1050 2630 1137 2699 utique
1154 2640 1265 2701 uterque

269 2717 365 2770 borum
379 2725 408 2769 ut
422 2735 508 2769 seorim
523 2715 617 2767 babent
632 2732 712 2782 equos
727 2715 841 2768 domitor
855 2718 978 2787 singulos
997 2717 1025 2767 in
1045 2715 1079 2766 iis
1099 2716 1264 2784 regionibus,

269 2799 297 2852 in
311 2800 402 2868 quidm
415 2799 544 2853 dcbolnri
566 2801 648 2853 rotent
671 2817 751 2868 epuns
772 2801 892 2868 obigere.
926 2798 1017 2852 Vrsini
1037 2801 1194 2854 emendatio
1208 2819 1265 2856 nou

269 2891 358 2953 potest
374 2883 495 2952 probari.
529 2882 584 2935 Atti
599 2883 634 2936 ad
657 2883 827 2938 attractionis
843 2885 964 2938 formam
985 2885 1116 2939 referent.
1153 2878 1265 2948 Tamen

271 2987 288 3024 a
303 2971 412 3040 scriptis
426 2969 506 3024 libris
521 2975 710 3037 exspectamus
725 2967 866 3022 auxilium.
900 2969 927 3034 3,
943 2969 969 3034 1,
984 2966 1010 3022 4.
1028 2989 1082 3022 corr
1095 2972 1154 3044 aiae
1168 2991 1264 3027 ooassu

269 3059 380 3112 moiotes
393 3059 476 3112 nostri
488 3074 520 3110 er
533 3057 599 3117 urbe
614 3055 642 3107 in
661 3055 737 3124 agria
759 3056 915 3124 redigebant
935 3072 995 3107 euos
1017 3055 1093 3109 cicer.
1125 3057 1197 3112 Ante
1213 3059 1264 3112 Vi-

270 3127 387 3196 ctoriunr
411 3143 558 3212 legabatur
571 3142 599 3194 io
622 3158 712 3210 agros.
747 3139 815 3192 Loci
837 3139 895 3191 Cic.
916 3139 952 3192 ad
973 3141 1052 3192 Fam.
1068 3142 1103 3206 1,
1118 3140 1152 3207 9,
1168 3142 1214 3195 23.
1233 3150 1264 3198 et

269 3227 390 3296 quesibi
405 3225 576 3293 comparavit
593 3225 719 3285 Curtius.
740 3224 829 3278 Curtii
845 3224 878 3289 3,
893 3221 927 3286 2,
942 3223 968 3277 2.
989 3223 1024 3289 5,
1038 3225 1073 3290 1,
1086 3225 1112 3278 2.
1129 3227 1174 3293 19,
1190 3227 1218 3292 9,
1234 3228 1264 3281 4.

271 3311 397 3365 Caesaris
410 3311 518 3378 B.gell.
530 3308 555 3374 8,
572 3308 597 3361 8.
613 3314 641 3360 et
653 3307 697 3362 23.
714 3316 742 3363 et
755 3307 799 3361 21.
816 3327 886 3362 nune
901 3309 1033 3378 leguntur
1047 3327 1081 3368 ex
1095 3313 1264 3368 melioribus

269 3395 350 3448 libris
369 3394 522 3458 emendati,
540 3394 631 3446 necin
646 3393 769 3448 Frontin.
783 3394 816 3458 1,
834 3394 884 3460 11,
900 3393 944 3447 18.
961 3395 1055 3454 necin
1071 3396 1167 3456 Valet,
1182 3399 1263 3452 Max.

269 3481 297 3544 1,
312 3479 336 3533 1.
354 3482 414 3533 Ext.
431 3479 458 3532 2.
477 3480 649 3532 consentiunt
667 3479 782 3531 codices.
816 3480 860 3532 ltu
874 3477 916 3540 sui
934 3481 1066 3548 temporis
1083 3483 1263 3549 perversita-

269 3571 326 3618 tem
347 3571 458 3618 servaut
471 3565 581 3633 quidam
597 3563 662 3616 libri
678 3563 740 3616 Liv.
754 3562 805 3628 35,
825 3562 876 3629 21,
892 3561 918 3618 4.
935 3572 964 3618 et
982 3564 1123 3632 1,49,1.
1143 3575 1172 3621 et
1187 3585 1263 3636 quac

198 3677 201 3686 =
268 3651 560 3704 Drakenborchius‘ad
582 3650 609 3714 9,
623 3648 667 3714 to,
680 3648 708 3700 3.
724 3650 759 3702 dc
778 3648 870 3702 verbis
892 3651 922 3702 io
936 3658 1063 3720 potestate
1082 3643 1172 3706 rieoire
1192 3669 1264 3705 nar·

268 3741 328 3798 rat‘,
344 3735 543 3806 negligentiam
557 3735 720 3796 scribarum.
739 3751 793 3786 non
809 3734 951 3803 antiquam
967 3735 1162 3790 auctoritatem
1179 3754 1263 3790 eom-

266 3820 393 3886 probant.
428 3821 558 3874 clerkiua
583 3819 656 3888 apud
673 3819 797 3873 Hirtium
813 3822 847 3873 B.
864 3819 951 3872 Afric.
965 3818 1010 3888 88.
1021 3839 1110 3876 ausus
1129 3830 1191 3876 erat
1208 3823 1265 3876 de·

267 3905 381 3963 tendere
402 3907 430 3958 in
440 3911 516 3976 fugo
531 3906 698 3959 deatiootom.
954 3959 956 3970 ¹

303 3991 424 4058 Vterque
447 3991 544 4042 modus
560 3989 698 4042 diversam
716 3987 944 4058 significationem
969 3988 1119 4043 obtinet-in
1133 3989 1194 4053 bist
1212 3991 1264 4043 irr-

267 4077 348 4131 eiouns
369 4077 399 4130 in
415 4093 474 4130 uere
492 4075 550 4128 Cic.
566 4073 594 4128 in
613 4071 791 4140 1311495.
812 4073 872 4129 145.
890 4073 961 4128 Ptin.
976 4074 1050 4130 ttist.
1067 4093 1095 4128 n.
1109 4073 1153 4142 dd,
1169 4075 1196 4140 9,
1211 4075 1263 4128 21.
