<?xml version="1.0" encoding="UTF-8"?>
<!DOCTYPE html PUBLIC "-//W3C//DTD XHTML 1.0 Transitional//EN"
    "http://www.w3.org/TR/xhtml1/DTD/xhtml1-transitional.dtd">
<html xmlns="http://www.w3.org/1999/xhtml" xml:lang="en" lang="en">
 <head>
  <title>
</title>
<meta http-equiv="Content-Type" content="text/html;charset=utf-8" />
  <meta name='ocr-system' content='tesseract 3.04.00' />
  <meta name='ocr-capabilities' content='ocr_page ocr_carea ocr_par ocr_line ocrx_word'/>
</head>
<body>
  <div class='ocr_page' id='page_1' title='image "./ferdinandihandi01torsgoog_0245.png"; bbox 0 0 2738 4730; ppageno 0'>
   <div class='ocr_carea' id='block_1_1' title="bbox 332 235 1231 386">
    <p class='ocr_par' dir='ltr' id='par_1_1' title="bbox 332 235 1231 386">
     <span class='ocr_line' id='line_1_1' title="bbox 332 235 1231 386; baseline 0.016 -46"><span class='ocrx_word' id='word_1_1' title='bbox 332 283 356 340; x_wconf 63' lang='lat' dir='ltr'>a</span> <span class='ocrx_word' id='word_1_2' title='bbox 405 278 843 381; x_wconf 80' lang='lat' dir='ltr'>rueaaussnrranvrr.</span> <span class='ocrx_word' id='word_1_3' title='bbox 1086 287 1167 386; x_wconf 74' lang='lat' dir='ltr'>aaa</span> <span class='ocrx_word' id='word_1_4' title='bbox 1230 235 1231 242; x_wconf 8' lang='grc' dir='ltr'><strong><em>Ν</em></strong></span> 
     </span>
    </p>
   </div>
   <div class='ocr_carea' id='block_1_2' title="bbox 35 432 1256 1380">
    <p class='ocr_par' dir='ltr' id='par_1_2' title="bbox 35 432 1256 1380">
     <span class='ocr_line' id='line_1_2' title="bbox 98 432 1148 526; baseline 0.002 -22"><span class='ocrx_word' id='word_1_5' title='bbox 98 443 220 504; x_wconf 78' lang='lat' dir='ltr'>veteres</span> <span class='ocrx_word' id='word_1_6' title='bbox 234 439 398 520; x_wconf 82' lang='lat' dir='ltr'>nusquam</span> <span class='ocrx_word' id='word_1_7' title='bbox 413 433 623 500; x_wconf 81' lang='lat' dir='ltr'>mentionem</span> <span class='ocrx_word' id='word_1_8' title='bbox 642 435 718 500; x_wconf 88' lang='lat' dir='ltr'>eius·</span> <span class='ocrx_word' id='word_1_9' title='bbox 735 432 861 500; x_wconf 86' lang='lat' dir='ltr'>faciunt</span> <span class='ocrx_word' id='word_1_10' title='bbox 881 443 936 500; x_wconf 90' lang='lat' dir='ltr'>aut</span> <span class='ocrx_word' id='word_1_11' title='bbox 957 447 1148 526; x_wconf 88' lang='lat' dir='ltr'>propterea,</span> 
     </span>
     <span class='ocr_line' id='line_1_3' title="bbox 98 520 1149 618; baseline 0.005 -31"><span class='ocrx_word' id='word_1_12' title='bbox 98 524 172 610; x_wconf 88' lang='lat' dir='ltr'>quia</span> <span class='ocrx_word' id='word_1_13' title='bbox 188 521 325 588; x_wconf 91' lang='lat' dir='ltr'>verbum</span> <span class='ocrx_word' id='word_1_14' title='bbox 342 520 467 618; x_wconf 77' lang='lat' dir='ltr'>vulgari</span> <span class='ocrx_word' id='word_1_15' title='bbox 483 541 544 584; x_wconf 88' lang='lat' dir='ltr'>usu</span> <span class='ocrx_word' id='word_1_16' title='bbox 561 520 778 609; x_wconf 86' lang='lat' dir='ltr'>depravatum</span> <span class='ocrx_word' id='word_1_17' title='bbox 796 543 867 585; x_wconf 88' lang='lat' dir='ltr'>non</span> <span class='ocrx_word' id='word_1_18' title='bbox 881 531 1013 610; x_wconf 88' lang='lat' dir='ltr'>poterat</span> <span class='ocrx_word' id='word_1_19' title='bbox 1037 549 1149 614; x_wconf 88' lang='lat' dir='ltr'>gram-</span> 
     </span>
     <span class='ocr_line' id='line_1_4' title="bbox 97 605 1243 701; baseline 0.002 -27"><span class='ocrx_word' id='word_1_20' title='bbox 97 609 223 674; x_wconf 89' lang='lat' dir='ltr'>maticis</span> <span class='ocrx_word' id='word_1_21' title='bbox 242 618 425 694; x_wconf 79' lang='lat' dir='ltr'>praeceptis</span> <span class='ocrx_word' id='word_1_22' title='bbox 444 605 605 688; x_wconf 81' lang='lat' dir='ltr'><strong>submitti,</strong></span> <span class='ocrx_word' id='word_1_23' title='bbox 621 618 676 672; x_wconf 93' lang='lat' dir='ltr'>aut</span> <span class='ocrx_word' id='word_1_24' title='bbox 693 609 768 694; x_wconf 89' lang='lat' dir='ltr'>quia</span> <span class='ocrx_word' id='word_1_25' title='bbox 786 609 952 672; x_wconf 81' lang='lat' dir='ltr'>recentior</span> <span class='ocrx_word' id='word_1_26' title='bbox 966 609 1032 674; x_wconf 91' lang='lat' dir='ltr'>eius</span> <span class='ocrx_word' id='word_1_27' title='bbox 1052 614 1147 701; x_wconf 84' lang='lat' dir='ltr'>origo</span> <span class='ocrx_word' id='word_1_28' title='bbox 1192 671 1196 676; x_wconf 87' lang='lat'>.</span> <span class='ocrx_word' id='word_1_29' title='bbox 1242 631 1243 638; x_wconf 53' lang='lat'>¹</span> 
     </span>
     <span class='ocr_line' id='line_1_5' title="bbox 96 693 1151 780; baseline 0.005 -20"><span class='ocrx_word' id='word_1_30' title='bbox 96 706 188 762; x_wconf 83' lang='lat' dir='ltr'>extra</span> <span class='ocrx_word' id='word_1_31' title='bbox 212 714 370 780; x_wconf 91' lang='lat' dir='ltr'>campum</span> <span class='ocrx_word' id='word_1_32' title='bbox 390 693 560 764; x_wconf 84' lang='lat' dir='ltr'>doctrinae</span> <span class='ocrx_word' id='word_1_33' title='bbox 584 703 655 758; x_wconf 87' lang='lat' dir='ltr'>erat</span> <span class='ocrx_word' id='word_1_34' title='bbox 677 693 803 780; x_wconf 85' lang='lat' dir='ltr'>posita.</span> <span class='ocrx_word' id='word_1_35' title='bbox 850 695 1004 760; x_wconf 84' lang='lat' dir='ltr'><strong>Perottus</strong></span> <span class='ocrx_word' id='word_1_36' title='bbox 1032 701 1151 765; x_wconf 82' lang='lat' dir='ltr'>adrer-</span> 
     </span>
     <span class='ocr_line' id='line_1_6' title="bbox 95 777 1219 867; baseline 0.005 -21"><span class='ocrx_word' id='word_1_37' title='bbox 95 781 188 846; x_wconf 90' lang='lat' dir='ltr'>bium</span> <span class='ocrx_word' id='word_1_38' title='bbox 203 779 359 867; x_wconf 87' lang='lat' dir='ltr'>appellat.</span> <span class='ocrx_word' id='word_1_39' title='bbox 405 777 471 842; x_wconf 90' lang='lat' dir='ltr'>Sed</span> <span class='ocrx_word' id='word_1_40' title='bbox 494 779 561 844; x_wconf 89' lang='lat' dir='ltr'>iam</span> <span class='ocrx_word' id='word_1_41' title='bbox 585 780 754 844; x_wconf 85' lang='lat' dir='ltr'>Pantanus</span> <span class='ocrx_word' id='word_1_42' title='bbox 778 780 819 844; x_wconf 88' lang='lat' dir='ltr'>de</span> <span class='ocrx_word' id='word_1_43' title='bbox 840 779 1028 867; x_wconf 85' lang='lat' dir='ltr'>integritate</span> <span class='ocrx_word' id='word_1_44' title='bbox 1050 791 1150 852; x_wconf 81' lang='lat' dir='ltr'>voca·</span> <span class='ocrx_word' id='word_1_45' title='bbox 1217 851 1219 864; x_wconf 84' lang='grc'>,</span> 
     </span>
     <span class='ocr_line' id='line_1_7' title="bbox 95 864 1151 954; baseline 0.007 -22"><span class='ocrx_word' id='word_1_46' title='bbox 95 867 165 933; x_wconf 92' lang='lat' dir='ltr'>buli</span> <span class='ocrx_word' id='word_1_47' title='bbox 196 866 344 932; x_wconf 88' lang='lat' dir='ltr'>dubitare</span> <span class='ocrx_word' id='word_1_48' title='bbox 376 864 502 953; x_wconf 81' lang='lat' dir='ltr'>coepit:</span> <span class='ocrx_word' id='word_1_49' title='bbox 537 865 619 946; x_wconf 78' lang='lat' dir='ltr'>inde</span> <span class='ocrx_word' id='word_1_50' title='bbox 649 887 833 954; x_wconf 86' lang='lat' dir='ltr'>permagna</span> <span class='ocrx_word' id='word_1_51' title='bbox 872 867 1031 932; x_wconf 81' lang='lat' dir='ltr'>dissensio</span> <span class='ocrx_word' id='word_1_52' title='bbox 1065 871 1151 939; x_wconf 88' lang='lat' dir='ltr'>inter</span> 
     </span>
     <span class='ocr_line' id='line_1_8' title="bbox 35 948 1151 1042; baseline 0.004 -24"><span class='ocrx_word' id='word_1_53' title='bbox 35 955 38 968; x_wconf 64' lang='lat'><strong><em>¹</em></strong></span> <span class='ocrx_word' id='word_1_54' title='bbox 94 953 330 1042; x_wconf 87' lang='lat' dir='ltr'>grammaticos</span> <span class='ocrx_word' id='word_1_55' title='bbox 347 948 433 1015; x_wconf 87' lang='lat' dir='ltr'>fucta</span> <span class='ocrx_word' id='word_1_56' title='bbox 452 961 518 1016; x_wconf 84' lang='lat' dir='ltr'>est:</span> <span class='ocrx_word' id='word_1_57' title='bbox 546 960 692 1038; x_wconf 82' lang='lat' dir='ltr'>quoru&#39;m</span> <span class='ocrx_word' id='word_1_58' title='bbox 709 951 845 1038; x_wconf 86' lang='lat' dir='ltr'>plurimi</span> <span class='ocrx_word' id='word_1_59' title='bbox 868 952 902 1017; x_wconf 89' lang='lat' dir='ltr'>in</span> <span class='ocrx_word' id='word_1_60' title='bbox 919 976 959 1020; x_wconf 88' lang='lat' dir='ltr'>eo</span> <span class='ocrx_word' id='word_1_61' title='bbox 977 957 1151 1040; x_wconf 87' lang='lat' dir='ltr'>acquieve-</span> 
     </span>
     <span class='ocr_line' id='line_1_9' title="bbox 93 1037 1152 1128; baseline 0.003 -25"><span class='ocrx_word' id='word_1_62' title='bbox 93 1051 193 1120; x_wconf 90' lang='lat' dir='ltr'>runt,</span> <span class='ocrx_word' id='word_1_63' title='bbox 223 1050 261 1103; x_wconf 85' lang='lat' dir='ltr'>ut</span> <span class='ocrx_word' id='word_1_64' title='bbox 283 1037 550 1102; x_wconf 79' lang='lat' dir='ltr'>demonstrarent</span> <span class='ocrx_word' id='word_1_65' title='bbox 576 1037 715 1104; x_wconf 81' lang='lat' dir='ltr'>verbum</span> <span class='ocrx_word' id='word_1_66' title='bbox 733 1037 812 1115; x_wconf 66' lang='lat' dir='ltr'>¹hoo</span> <span class='ocrx_word' id='word_1_67' title='bbox 843 1060 914 1102; x_wconf 90' lang='lat' dir='ltr'>non</span> <span class='ocrx_word' id='word_1_68' title='bbox 947 1039 987 1105; x_wconf 87' lang='lat' dir='ltr'>ab</span> <span class='ocrx_word' id='word_1_69' title='bbox 1016 1043 1152 1128; x_wconf 90' lang='lat' dir='ltr'>optimis</span> 
     </span>
     <span class='ocr_line' id='line_1_10' title="bbox 93 1123 1256 1216; baseline 0.004 -26"><span class='ocrx_word' id='word_1_70' title='bbox 93 1124 336 1212; x_wconf 81' lang='lat' dir='ltr'>scriptoribus,</span> <span class='ocrx_word' id='word_1_71' title='bbox 363 1123 422 1192; x_wconf 80' lang='lat' dir='ltr'>scd</span> <span class='ocrx_word' id='word_1_72' title='bbox 445 1124 592 1188; x_wconf 86' lang='lat' dir='ltr'>maxime</span> <span class='ocrx_word' id='word_1_73' title='bbox 617 1147 635 1188; x_wconf 87' lang='lat' dir='ltr'>a</span> <span class='ocrx_word' id='word_1_74' title='bbox 659 1123 893 1188; x_wconf 81' lang='lat' dir='ltr'>recentissimis</span> <span class='ocrx_word' id='word_1_75' title='bbox 918 1147 988 1190; x_wconf 89' lang='lat' dir='ltr'>esse</span> <span class='ocrx_word' id='word_1_76' title='bbox 1010 1148 1151 1216; x_wconf 88' lang='lat' dir='ltr'>usurpa·</span> <span class='ocrx_word' id='word_1_77' title='bbox 1218 1149 1220 1156; x_wconf 90' lang='grc'><strong><em>·</em></strong></span> <span class='ocrx_word' id='word_1_78' title='bbox 1250 1161 1256 1167; x_wconf 90' lang='grc'><em>·</em></span> 
     </span>
     <span class='ocr_line' id='line_1_11' title="bbox 92 1208 1151 1295; baseline 0.007 -21"><span class='ocrx_word' id='word_1_79' title='bbox 92 1223 188 1290; x_wconf 88' lang='lat' dir='ltr'>tum,</span> <span class='ocrx_word' id='word_1_80' title='bbox 215 1211 356 1295; x_wconf 84' lang='lat' dir='ltr'>ideoque</span> <span class='ocrx_word' id='word_1_81' title='bbox 387 1209 553 1295; x_wconf 86' lang='lat' dir='ltr'>eleganter</span> <span class='ocrx_word' id='word_1_82' title='bbox 576 1208 795 1274; x_wconf 85' lang='lat' dir='ltr'>scribentibus</span> <span class='ocrx_word' id='word_1_83' title='bbox 819 1210 1053 1276; x_wconf 88' lang='lat' dir='ltr'>abstinendum</span> <span class='ocrx_word' id='word_1_84' title='bbox 1082 1235 1151 1282; x_wconf 88' lang='lat' dir='ltr'>cssc</span> 
     </span>
     <span class='ocr_line' id='line_1_12' title="bbox 91 1293 1151 1380; baseline 0.006 -18"><span class='ocrx_word' id='word_1_85' title='bbox 91 1297 132 1362; x_wconf 89' lang='lat' dir='ltr'>ab</span> <span class='ocrx_word' id='word_1_86' title='bbox 159 1297 225 1360; x_wconf 90' lang='lat' dir='ltr'>hoc</span> <span class='ocrx_word' id='word_1_87' title='bbox 250 1316 322 1360; x_wconf 90' lang='lat' dir='ltr'>usu.</span> <span class='ocrx_word' id='word_1_88' title='bbox 375 1293 515 1380; x_wconf 86' lang='lat' dir='ltr'>Scripsit</span> <span class='ocrx_word' id='word_1_89' title='bbox 538 1295 578 1360; x_wconf 93' lang='lat' dir='ltr'>de</span> <span class='ocrx_word' id='word_1_90' title='bbox 601 1295 666 1360; x_wconf 90' lang='lat' dir='ltr'>boc</span> <span class='ocrx_word' id='word_1_91' title='bbox 691 1294 853 1362; x_wconf 88' lang='lat' dir='ltr'>vocabulo</span> <span class='ocrx_word' id='word_1_92' title='bbox 886 1295 1151 1368; x_wconf 79' lang='lat' dir='ltr'>dissertationem</span> 
     </span>
    </p>
   </div>
   <div class='ocr_carea' id='block_1_3' title="bbox 93 1379 1262 1470">
    <p class='ocr_par' dir='ltr' id='par_1_3' title="bbox 93 1379 1262 1470">
     <span class='ocr_line' id='line_1_13' title="bbox 93 1379 1262 1470; baseline 0.003 -23"><span class='ocrx_word' id='word_1_93' title='bbox 93 1380 218 1448; x_wconf 88' lang='lat' dir='ltr'>Godof.</span> <span class='ocrx_word' id='word_1_94' title='bbox 235 1379 412 1462; x_wconf 89' lang='lat' dir='ltr'>Hecbtius,</span> <span class='ocrx_word' id='word_1_95' title='bbox 440 1380 585 1458; x_wconf 84' lang='lat' dir='ltr'>Vitemb.</span> <span class='ocrx_word' id='word_1_96' title='bbox 597 1385 690 1446; x_wconf 79' lang='lat'>1709.</span> <span class='ocrx_word' id='word_1_97' title='bbox 706 1382 839 1462; x_wconf 90' lang='lat' dir='ltr'>editam,</span> <span class='ocrx_word' id='word_1_98' title='bbox 862 1383 897 1446; x_wconf 95' lang='lat' dir='ltr'>in</span> <span class='ocrx_word' id='word_1_99' title='bbox 913 1406 976 1470; x_wconf 90' lang='lat' dir='ltr'>qna</span> <span class='ocrx_word' id='word_1_100' title='bbox 993 1407 1151 1452; x_wconf 88' lang='lat' dir='ltr'>enarran-</span> <span class='ocrx_word' id='word_1_101' title='bbox 1260 1410 1262 1414; x_wconf 55' lang='lat'><strong><em>¹</em></strong></span> 
     </span>
    </p>
   </div>
   <div class='ocr_carea' id='block_1_4' title="bbox 45 1467 1152 1730">
    <p class='ocr_par' dir='ltr' id='par_1_4' title="bbox 45 1467 1152 1730">
     <span class='ocr_line' id='line_1_14' title="bbox 90 1467 1152 1568; baseline 0.005 -36"><span class='ocrx_word' id='word_1_102' title='bbox 90 1480 150 1542; x_wconf 86' lang='lat' dir='ltr'>tur</span> <span class='ocrx_word' id='word_1_103' title='bbox 176 1468 474 1554; x_wconf 86' lang='lat' dir='ltr'>grammaticorum</span> <span class='ocrx_word' id='word_1_104' title='bbox 502 1467 832 1548; x_wconf 80' lang='lat' dir='ltr'>variassententiae,</span> <span class='ocrx_word' id='word_1_105' title='bbox 848 1468 1030 1568; x_wconf 71' lang='lat' dir='ltr'>,singulare</span> <span class='ocrx_word' id='word_1_106' title='bbox 1060 1473 1152 1537; x_wconf 91' lang='lat' dir='ltr'>iudi-</span> 
     </span>
     <span class='ocr_line' id='line_1_15' title="bbox 45 1553 1151 1644; baseline 0.005 -28"><span class='ocrx_word' id='word_1_107' title='bbox 45 1613 47 1616; x_wconf 84' lang='lat'>.</span> <span class='ocrx_word' id='word_1_108' title='bbox 91 1555 182 1618; x_wconf 88' lang='lat' dir='ltr'>oium</span> <span class='ocrx_word' id='word_1_109' title='bbox 197 1576 270 1618; x_wconf 87' lang='lat' dir='ltr'>non</span> <span class='ocrx_word' id='word_1_110' title='bbox 285 1553 522 1639; x_wconf 89' lang='lat' dir='ltr'>interponitur.</span> <span class='ocrx_word' id='word_1_111' title='bbox 568 1553 777 1618; x_wconf 76' lang='lat' dir='ltr'>Latinitatem</span> <span class='ocrx_word' id='word_1_112' title='bbox 802 1553 902 1639; x_wconf 82' lang='lat' dir='ltr'>igitur</span> <span class='ocrx_word' id='word_1_113' title='bbox 925 1578 959 1620; x_wconf 87' lang='lat' dir='ltr'>rn</span> <span class='ocrx_word' id='word_1_114' title='bbox 985 1559 1151 1644; x_wconf 89' lang='lat' dir='ltr'>suspicio-</span> 
     </span>
     <span class='ocr_line' id='line_1_16' title="bbox 90 1625 1149 1730; baseline 0.005 -25"><span class='ocrx_word' id='word_1_115' title='bbox 90 1663 172 1705; x_wconf 87' lang='lat' dir='ltr'>nem</span> <span class='ocrx_word' id='word_1_116' title='bbox 197 1661 302 1726; x_wconf 91' lang='lat' dir='ltr'>quum</span> <span class='ocrx_word' id='word_1_117' title='bbox 327 1625 534 1707; x_wconf 72' lang='lat' dir='ltr'>vocavissent</span> <span class='ocrx_word' id='word_1_118' title='bbox 559 1639 729 1704; x_wconf 83' lang='lat' dir='ltr'>Fontanus</span> <span class='ocrx_word' id='word_1_119' title='bbox 753 1641 975 1726; x_wconf 88' lang='lat' dir='ltr'>Progymnus.</span> <span class='ocrx_word' id='word_1_120' title='bbox 995 1648 1022 1706; x_wconf 87' lang='lat'>1.</span> <span class='ocrx_word' id='word_1_121' title='bbox 1044 1647 1149 1730; x_wconf 54' lang='lat' dir='ltr'>passss.</span> 
     </span>
    </p>
   </div>
   <div class='ocr_carea' id='block_1_5' title="bbox 91 1723 1265 1824">
    <p class='ocr_par' dir='ltr' id='par_1_5' title="bbox 91 1723 1265 1824">
     <span class='ocr_line' id='line_1_17' title="bbox 91 1723 1265 1824; baseline 0.003 -34"><span class='ocrx_word' id='word_1_122' title='bbox 91 1738 125 1790; x_wconf 88' lang='lat' dir='ltr'>et</span> <span class='ocrx_word' id='word_1_123' title='bbox 141 1725 216 1807; x_wconf 86' lang='lat' dir='ltr'>alii,</span> <span class='ocrx_word' id='word_1_124' title='bbox 240 1725 418 1814; x_wconf 87' lang='lat' dir='ltr'>Scioppius</span> <span class='ocrx_word' id='word_1_125' title='bbox 443 1723 731 1810; x_wconf 84' lang='lat' dir='ltr'>autemSymbol.</span> <span class='ocrx_word' id='word_1_126' title='bbox 756 1724 790 1788; x_wconf 92' lang='lat' dir='ltr'>iu</span> <span class='ocrx_word' id='word_1_127' title='bbox 814 1726 943 1824; x_wconf 86' lang='lat' dir='ltr'>Apulei.</span> <span class='ocrx_word' id='word_1_128' title='bbox 966 1735 1093 1813; x_wconf 71' lang='grc'><strong>[1117.</strong></span> <span class='ocrx_word' id='word_1_129' title='bbox 1118 1741 1151 1796; x_wconf 88' lang='lat' dir='ltr'>et</span> <span class='ocrx_word' id='word_1_130' title='bbox 1262 1805 1265 1818; x_wconf 29' lang='grc' dir='ltr'>ι</span> 
     </span>
    </p>
   </div>
   <div class='ocr_carea' id='block_1_6' title="bbox 88 1809 1152 1901">
    <p class='ocr_par' dir='ltr' id='par_1_6' title="bbox 88 1809 1152 1901">
     <span class='ocr_line' id='line_1_18' title="bbox 88 1809 1152 1901; baseline 0.004 -25"><span class='ocrx_word' id='word_1_131' title='bbox 88 1812 124 1876; x_wconf 91' lang='lat' dir='ltr'>in</span> <span class='ocrx_word' id='word_1_132' title='bbox 148 1813 334 1876; x_wconf 88' lang='lat' dir='ltr'>Grammat.</span> <span class='ocrx_word' id='word_1_133' title='bbox 355 1811 461 1898; x_wconf 73' lang='lat' dir='ltr'>p‚.25,</span> <span class='ocrx_word' id='word_1_134' title='bbox 484 1809 698 1875; x_wconf 80' lang='lat' dir='ltr'>librariorum</span> <span class='ocrx_word' id='word_1_135' title='bbox 726 1809 931 1901; x_wconf 66' lang='lat' dir='ltr'>baqbarrsmo</span> <span class='ocrx_word' id='word_1_136' title='bbox 955 1815 1067 1878; x_wconf 89' lang='lat' dir='ltr'>omnia</span> <span class='ocrx_word' id='word_1_137' title='bbox 1088 1835 1152 1880; x_wconf 84' lang='lat' dir='ltr'>ex·</span> 
     </span>
    </p>
   </div>
   <div class='ocr_carea' id='block_1_7' title="bbox 89 1895 1305 2070">
    <p class='ocr_par' dir='ltr' id='par_1_7' title="bbox 89 1895 1305 2070">
     <span class='ocr_line' id='line_1_19' title="bbox 89 1895 1267 1986; baseline 0.002 -24"><span class='ocrx_word' id='word_1_138' title='bbox 89 1897 205 1986; x_wconf 88' lang='lat' dir='ltr'>cmpla</span> <span class='ocrx_word' id='word_1_139' title='bbox 224 1898 441 1982; x_wconf 86' lang='lat' dir='ltr'>imputasset,</span> <span class='ocrx_word' id='word_1_140' title='bbox 473 1895 694 1961; x_wconf 85' lang='lat' dir='ltr'>defenderunt</span> <span class='ocrx_word' id='word_1_141' title='bbox 719 1918 792 1962; x_wconf 85' lang='lat' dir='ltr'>eam</span> <span class='ocrx_word' id='word_1_142' title='bbox 815 1897 1026 1973; x_wconf 86' lang='lat' dir='ltr'>Perizonius,</span> <span class='ocrx_word' id='word_1_143' title='bbox 1049 1902 1152 1965; x_wconf 88' lang='lat' dir='ltr'>Lam·</span> <span class='ocrx_word' id='word_1_144' title='bbox 1265 1976 1267 1981; x_wconf 89' lang='lat'>.</span> 
     </span>
     <span class='ocr_line' id='line_1_20' title="bbox 89 1981 1305 2070; baseline 0.002 -22"><span class='ocrx_word' id='word_1_145' title='bbox 89 1983 211 2060; x_wconf 89' lang='lat' dir='ltr'>binus,</span> <span class='ocrx_word' id='word_1_146' title='bbox 250 1981 535 2060; x_wconf 85' lang='lat' dir='ltr'>Elmenhorstius,</span> <span class='ocrx_word' id='word_1_147' title='bbox 577 1981 740 2070; x_wconf 81' lang='lat' dir='ltr'>Bungius:</span> <span class='ocrx_word' id='word_1_148' title='bbox 790 1993 822 2046; x_wconf 91' lang='lat' dir='ltr'>at</span> <span class='ocrx_word' id='word_1_149' title='bbox 857 1983 1151 2052; x_wconf 83' lang='lat' dir='ltr'>Scburzileischius</span> <span class='ocrx_word' id='word_1_150' title='bbox 1183 2029 1198 2050; x_wconf 88' lang='lat'>.-</span> <span class='ocrx_word' id='word_1_151' title='bbox 1300 2007 1305 2015; x_wconf 87' lang='lat'><em>·</em></span> 
     </span>
    </p>
   </div>
   <div class='ocr_carea' id='block_1_8' title="bbox 85 2067 1240 2763">
    <p class='ocr_par' dir='ltr' id='par_1_8' title="bbox 85 2067 1240 2763">
     <span class='ocr_line' id='line_1_21' title="bbox 87 2067 1152 2155; baseline 0.003 -21"><span class='ocrx_word' id='word_1_152' title='bbox 87 2070 219 2155; x_wconf 90' lang='lat' dir='ltr'>ubique</span> <span class='ocrx_word' id='word_1_153' title='bbox 243 2067 458 2132; x_wconf 89' lang='lat' dir='ltr'>scribendum</span> <span class='ocrx_word' id='word_1_154' title='bbox 481 2069 520 2132; x_wconf 81' lang='lat' dir='ltr'>in</span> <span class='ocrx_word' id='word_1_155' title='bbox 537 2069 743 2154; x_wconf 81' lang='lat' dir='ltr'>praesentio</span> <span class='ocrx_word' id='word_1_156' title='bbox 758 2070 915 2150; x_wconf 82' lang='lat' dir='ltr'>censuit,</span> <span class='ocrx_word' id='word_1_157' title='bbox 942 2071 1045 2136; x_wconf 90' lang='lat' dir='ltr'>Gerb.</span> <span class='ocrx_word' id='word_1_158' title='bbox 1064 2073 1152 2137; x_wconf 86' lang='lat' dir='ltr'>Vos-</span> 
     </span>
     <span class='ocr_line' id='line_1_22' title="bbox 87 2153 1151 2244; baseline 0.003 -24"><span class='ocrx_word' id='word_1_159' title='bbox 87 2156 162 2220; x_wconf 91' lang='lat' dir='ltr'>sius</span> <span class='ocrx_word' id='word_1_160' title='bbox 187 2153 225 2216; x_wconf 83' lang='lat' dir='ltr'>iu</span> <span class='ocrx_word' id='word_1_161' title='bbox 243 2153 449 2240; x_wconf 76' lang='lat' dir='ltr'>praesentia</span> <span class='ocrx_word' id='word_1_162' title='bbox 466 2175 592 2219; x_wconf 81' lang='lat' dir='ltr'>rerum.</span> <span class='ocrx_word' id='word_1_163' title='bbox 630 2156 740 2239; x_wconf 46' lang='lat' dir='ltr'>atqui*</span> <span class='ocrx_word' id='word_1_164' title='bbox 760 2157 870 2220; x_wconf 86' lang='lat' dir='ltr'>omnis</span> <span class='ocrx_word' id='word_1_165' title='bbox 886 2155 974 2221; x_wconf 63' lang='lat' dir='ltr'>,haec</span> <span class='ocrx_word' id='word_1_166' title='bbox 1002 2159 1151 2244; x_wconf 88' lang='lat' dir='ltr'>quaestio</span> 
     </span>
     <span class='ocr_line' id='line_1_23' title="bbox 85 2239 1152 2327; baseline 0.001 -19"><span class='ocrx_word' id='word_1_167' title='bbox 85 2239 203 2308; x_wconf 89' lang='lat' dir='ltr'>inanis</span> <span class='ocrx_word' id='word_1_168' title='bbox 219 2261 290 2306; x_wconf 89' lang='lat' dir='ltr'>esse</span> <span class='ocrx_word' id='word_1_169' title='bbox 308 2240 456 2321; x_wconf 87' lang='lat' dir='ltr'>videtur,</span> <span class='ocrx_word' id='word_1_170' title='bbox 478 2239 643 2326; x_wconf 88' lang='lat' dir='ltr'>siquidem</span> <span class='ocrx_word' id='word_1_171' title='bbox 664 2239 843 2327; x_wconf 88' lang='lat' dir='ltr'>Scioppius</span> <span class='ocrx_word' id='word_1_172' title='bbox 867 2242 902 2305; x_wconf 92' lang='lat' dir='ltr'>in</span> <span class='ocrx_word' id='word_1_173' title='bbox 919 2243 990 2307; x_wconf 89' lang='lat' dir='ltr'>lud.</span> <span class='ocrx_word' id='word_1_174' title='bbox 1014 2245 1055 2308; x_wconf 92' lang='lat' dir='ltr'>de</span> <span class='ocrx_word' id='word_1_175' title='bbox 1074 2245 1152 2310; x_wconf 91' lang='lat' dir='ltr'>stilo</span> 
     </span>
     <span class='ocr_line' id='line_1_24' title="bbox 86 2325 1240 2416; baseline 0.003 -24"><span class='ocrx_word' id='word_1_176' title='bbox 86 2328 214 2393; x_wconf 89' lang='lat' dir='ltr'>histor.</span> <span class='ocrx_word' id='word_1_177' title='bbox 243 2330 378 2416; x_wconf 81' lang='lat' dir='ltr'>p.2118.</span> <span class='ocrx_word' id='word_1_178' title='bbox 410 2327 626 2391; x_wconf 72' lang='lat' dir='ltr'>et&#39;Graevius</span> <span class='ocrx_word' id='word_1_179' title='bbox 658 2325 700 2390; x_wconf 91' lang='lat' dir='ltr'>ad</span> <span class='ocrx_word' id='word_1_180' title='bbox 724 2325 862 2392; x_wconf 90' lang='lat' dir='ltr'>Rhetor.</span> <span class='ocrx_word' id='word_1_181' title='bbox 885 2329 926 2392; x_wconf 89' lang='lat' dir='ltr'>ad</span> <span class='ocrx_word' id='word_1_182' title='bbox 952 2331 1097 2394; x_wconf 90' lang='lat' dir='ltr'>Herenn.</span> <span class='ocrx_word' id='word_1_183' title='bbox 1119 2337 1152 2414; x_wconf 80' lang='lat'>2,</span> <span class='ocrx_word' id='word_1_184' title='bbox 1237 2361 1240 2365; x_wconf 51' lang='lat'><strong><em>¹</em></strong></span> 
     </span>
     <span class='ocr_line' id='line_1_25' title="bbox 89 2411 1153 2504; baseline 0.001 -23"><span class='ocrx_word' id='word_1_185' title='bbox 89 2421 144 2481; x_wconf 86' lang='lat'>11.</span> <span class='ocrx_word' id='word_1_186' title='bbox 169 2425 260 2478; x_wconf 92' lang='lat' dir='ltr'>recte</span> <span class='ocrx_word' id='word_1_187' title='bbox 277 2413 504 2493; x_wconf 88' lang='lat' dir='ltr'>iudicaverint,</span> <span class='ocrx_word' id='word_1_188' title='bbox 527 2413 757 2498; x_wconf 88' lang='lat' dir='ltr'>loquutiouem</span> <span class='ocrx_word' id='word_1_189' title='bbox 773 2411 870 2494; x_wconf 89' lang='lat' dir='ltr'>hanc,</span> <span class='ocrx_word' id='word_1_190' title='bbox 889 2415 951 2478; x_wconf 93' lang='lat' dir='ltr'>toti</span> <span class='ocrx_word' id='word_1_191' title='bbox 967 2417 1153 2504; x_wconf 85' lang='lat' dir='ltr'>antiquitati</span> 
     </span>
     <span class='ocr_line' id='line_1_26' title="bbox 87 2499 1152 2590; baseline 0 -22"><span class='ocrx_word' id='word_1_192' title='bbox 87 2502 317 2590; x_wconf 87' lang='lat' dir='ltr'>iucogbitam,</span> <span class='ocrx_word' id='word_1_193' title='bbox 351 2501 391 2565; x_wconf 93' lang='lat' dir='ltr'>ab</span> <span class='ocrx_word' id='word_1_194' title='bbox 422 2500 606 2588; x_wconf 86' lang='lat' dir='ltr'>interprete</span> <span class='ocrx_word' id='word_1_195' title='bbox 637 2499 741 2565; x_wconf 89' lang='lat' dir='ltr'>latino</span> <span class='ocrx_word' id='word_1_196' title='bbox 774 2508 948 2565; x_wconf 85' lang='lat' dir='ltr'>sacrorum</span> <span class='ocrx_word' id='word_1_197' title='bbox 985 2501 1152 2568; x_wconf 89' lang='lat' dir='ltr'>librorum</span> 
     </span>
     <span class='ocr_line' id='line_1_27' title="bbox 89 2585 1152 2664; baseline -0.001 -9"><span class='ocrx_word' id='word_1_198' title='bbox 89 2611 162 2655; x_wconf 89' lang='lat' dir='ltr'>esse</span> <span class='ocrx_word' id='word_1_199' title='bbox 188 2587 298 2652; x_wconf 88' lang='lat' dir='ltr'>fictam</span> <span class='ocrx_word' id='word_1_200' title='bbox 315 2599 348 2652; x_wconf 91' lang='lat' dir='ltr'>et</span> <span class='ocrx_word' id='word_1_201' title='bbox 371 2587 411 2652; x_wconf 90' lang='lat' dir='ltr'>ab</span> <span class='ocrx_word' id='word_1_202' title='bbox 436 2587 581 2659; x_wconf 81' lang='lat' dir='ltr'>indoctis</span> <span class='ocrx_word' id='word_1_203' title='bbox 596 2585 740 2664; x_wconf 86' lang='lat' dir='ltr'>librariis</span> <span class='ocrx_word' id='word_1_204' title='bbox 764 2607 806 2650; x_wconf 85' lang='lat' dir='ltr'>ex</span> <span class='ocrx_word' id='word_1_205' title='bbox 822 2587 938 2652; x_wconf 87' lang='lat' dir='ltr'>vitiosa</span> <span class='ocrx_word' id='word_1_206' title='bbox 962 2589 1014 2653; x_wconf 88' lang='lat' dir='ltr'>sui</span> <span class='ocrx_word' id='word_1_207' title='bbox 1031 2589 1152 2654; x_wconf 87' lang='lat' dir='ltr'>saeculi</span> 
     </span>
     <span class='ocr_line' id='line_1_28' title="bbox 88 2667 1152 2763; baseline 0.001 -23"><span class='ocrx_word' id='word_1_208' title='bbox 88 2675 333 2748; x_wconf 86' lang='lat' dir='ltr'>consuetudine</span> <span class='ocrx_word' id='word_1_209' title='bbox 348 2673 551 2746; x_wconf 82' lang='lat' dir='ltr'>inveterum</span> <span class='ocrx_word' id='word_1_210' title='bbox 568 2669 672 2738; x_wconf 92' lang='lat' dir='ltr'>libros</span> <span class='ocrx_word' id='word_1_211' title='bbox 687 2683 814 2738; x_wconf 89' lang='lat' dir='ltr'>temere</span> <span class='ocrx_word' id='word_1_212' title='bbox 836 2667 1028 2762; x_wconf 85' lang='lat' dir='ltr'>receptam,</span> <span class='ocrx_word' id='word_1_213' title='bbox 1051 2676 1152 2763; x_wconf 90' lang='lat' dir='ltr'>idque</span> 
     </span>
    </p>
   </div>
   <div class='ocr_carea' id='block_1_9' title="bbox 88 2759 1265 2851">
    <p class='ocr_par' dir='ltr' id='par_1_9' title="bbox 88 2759 1265 2851">
     <span class='ocr_line' id='line_1_29' title="bbox 88 2759 1265 2851; baseline 0.002 -25"><span class='ocrx_word' id='word_1_214' title='bbox 88 2762 191 2851; x_wconf 87' lang='lat' dir='ltr'>plane</span> <span class='ocrx_word' id='word_1_215' title='bbox 215 2759 407 2830; x_wconf 79' lang='lat' dir='ltr'>confirmari</span> <span class='ocrx_word' id='word_1_216' title='bbox 435 2760 569 2826; x_wconf 89' lang='lat' dir='ltr'>silentio</span> <span class='ocrx_word' id='word_1_217' title='bbox 593 2761 900 2848; x_wconf 87' lang='lat' dir='ltr'>grammaticorum.</span> <span class='ocrx_word' id='word_1_218' title='bbox 960 2762 1024 2827; x_wconf 85' lang='lat' dir='ltr'>Alii</span> <span class='ocrx_word' id='word_1_219' title='bbox 1048 2785 1152 2828; x_wconf 90' lang='lat' dir='ltr'>mon·</span> <span class='ocrx_word' id='word_1_220' title='bbox 1257 2830 1265 2838; x_wconf 76' lang='grc'><strong><em>,</em></strong></span> 
     </span>
    </p>
   </div>
   <div class='ocr_carea' id='block_1_10' title="bbox 18 2845 1187 4134">
    <p class='ocr_par' dir='ltr' id='par_1_10' title="bbox 18 2845 1187 4134">
     <span class='ocr_line' id='line_1_30' title="bbox 88 2845 1152 2946; baseline 0.002 -34"><span class='ocrx_word' id='word_1_221' title='bbox 88 2859 199 2912; x_wconf 88' lang='lat' dir='ltr'>strum</span> <span class='ocrx_word' id='word_1_222' title='bbox 217 2847 402 2946; x_wconf 82' lang='lat' dir='ltr'>appellarit:</span> <span class='ocrx_word' id='word_1_223' title='bbox 426 2869 543 2914; x_wconf 83' lang='lat' dir='ltr'>omnes</span> <span class='ocrx_word' id='word_1_224' title='bbox 566 2845 757 2912; x_wconf 86' lang='lat' dir='ltr'>concedunt</span> <span class='ocrx_word' id='word_1_225' title='bbox 779 2845 881 2913; x_wconf 87' lang='lat' dir='ltr'>fuisse</span> <span class='ocrx_word' id='word_1_226' title='bbox 900 2847 1064 2934; x_wconf 90' lang='lat' dir='ltr'>plebeiam</span> <span class='ocrx_word' id='word_1_227' title='bbox 1088 2871 1152 2914; x_wconf 88' lang='lat' dir='ltr'>vo-</span> 
     </span>
     <span class='ocr_line' id='line_1_31' title="bbox 89 2931 1152 3021; baseline -0.001 -22"><span class='ocrx_word' id='word_1_228' title='bbox 89 2957 178 2999; x_wconf 89' lang='lat' dir='ltr'>cem.</span> <span class='ocrx_word' id='word_1_229' title='bbox 226 2935 280 3000; x_wconf 86' lang='lat' dir='ltr'>Gi.</span> <span class='ocrx_word' id='word_1_230' title='bbox 304 2933 491 2997; x_wconf 90' lang='lat' dir='ltr'>Heumanni</span> <span class='ocrx_word' id='word_1_231' title='bbox 516 2933 645 3020; x_wconf 90' lang='lat' dir='ltr'>Poecile</span> <span class='ocrx_word' id='word_1_232' title='bbox 669 2931 746 2994; x_wconf 89' lang='lat' dir='ltr'>Vol.</span> <span class='ocrx_word' id='word_1_233' title='bbox 764 2937 796 2996; x_wconf 74' lang='grc' dir='ltr'>ὃ.</span> <span class='ocrx_word' id='word_1_234' title='bbox 820 2955 855 3017; x_wconf 90' lang='lat' dir='ltr'>p.</span> <span class='ocrx_word' id='word_1_235' title='bbox 874 2939 947 3000; x_wconf 81' lang='lat'>319.</span> <span class='ocrx_word' id='word_1_236' title='bbox 1000 2934 1152 3021; x_wconf 88' lang='lat' dir='ltr'>Scripto-</span> 
     </span>
     <span class='ocr_line' id='line_1_32' title="bbox 87 3017 1187 3104; baseline -0.002 -18"><span class='ocrx_word' id='word_1_237' title='bbox 87 3029 142 3086; x_wconf 82' lang='lat' dir='ltr'>res</span> <span class='ocrx_word' id='word_1_238' title='bbox 152 3021 264 3095; x_wconf 80' lang='lat' dir='ltr'>enirn,</span> <span class='ocrx_word' id='word_1_239' title='bbox 285 3035 428 3104; x_wconf 89' lang='lat' dir='ltr'>quorum</span> <span class='ocrx_word' id='word_1_240' title='bbox 447 3021 481 3082; x_wconf 90' lang='lat' dir='ltr'>in</span> <span class='ocrx_word' id='word_1_241' title='bbox 504 3017 596 3081; x_wconf 90' lang='lat' dir='ltr'>libris</span> <span class='ocrx_word' id='word_1_242' title='bbox 613 3018 827 3080; x_wconf 87' lang='lat' dir='ltr'>consentiunt</span> <span class='ocrx_word' id='word_1_243' title='bbox 842 3019 980 3096; x_wconf 89' lang='lat' dir='ltr'>codices,</span> <span class='ocrx_word' id='word_1_244' title='bbox 1005 3041 1047 3082; x_wconf 86' lang='lat' dir='ltr'>ex</span> <span class='ocrx_word' id='word_1_245' title='bbox 1065 3019 1151 3084; x_wconf 87' lang='lat' dir='ltr'>anti·</span> <span class='ocrx_word' id='word_1_246' title='bbox 1182 3029 1187 3037; x_wconf 89' lang='lat'>&#39;</span> 
     </span>
     <span class='ocr_line' id='line_1_33' title="bbox 87 3101 1151 3192; baseline -0.001 -23"><span class='ocrx_word' id='word_1_247' title='bbox 87 3109 261 3192; x_wconf 58' lang='lat' dir='ltr'>quieseunt</span> <span class='ocrx_word' id='word_1_248' title='bbox 278 3105 362 3168; x_wconf 85' lang='lat' dir='ltr'>Cato</span> <span class='ocrx_word' id='word_1_249' title='bbox 377 3113 409 3167; x_wconf 86' lang='lat' dir='ltr'>et</span> <span class='ocrx_word' id='word_1_250' title='bbox 427 3103 570 3169; x_wconf 87' lang='lat' dir='ltr'>Fannius</span> <span class='ocrx_word' id='word_1_251' title='bbox 586 3113 619 3167; x_wconf 89' lang='lat' dir='ltr'>et</span> <span class='ocrx_word' id='word_1_252' title='bbox 633 3112 750 3166; x_wconf 86' lang='lat' dir='ltr'>auctor</span> <span class='ocrx_word' id='word_1_253' title='bbox 767 3101 930 3167; x_wconf 85' lang='lat' dir='ltr'>librorum</span> <span class='ocrx_word' id='word_1_254' title='bbox 955 3103 994 3167; x_wconf 92' lang='lat' dir='ltr'>ad</span> <span class='ocrx_word' id='word_1_255' title='bbox 1019 3105 1151 3169; x_wconf 88' lang='lat' dir='ltr'>Heren-</span> 
     </span>
     <span class='ocr_line' id='line_1_34' title="bbox 86 3181 1150 3275; baseline -0.002 -19"><span class='ocrx_word' id='word_1_256' title='bbox 86 3189 207 3272; x_wconf 81' lang='lat' dir='ltr'>nium,</span> <span class='ocrx_word' id='word_1_257' title='bbox 231 3212 273 3256; x_wconf 88' lang='lat' dir='ltr'>ex</span> <span class='ocrx_word' id='word_1_258' title='bbox 290 3181 530 3254; x_wconf 83' lang='lat' dir='ltr'>recentioribus</span> <span class='ocrx_word' id='word_1_259' title='bbox 547 3188 572 3250; x_wconf 90' lang='lat' dir='ltr'>is</span> <span class='ocrx_word' id='word_1_260' title='bbox 589 3189 645 3275; x_wconf 91' lang='lat' dir='ltr'>qui</span> <span class='ocrx_word' id='word_1_261' title='bbox 661 3187 853 3274; x_wconf 86' lang='lat' dir='ltr'>composuit</span> <span class='ocrx_word' id='word_1_262' title='bbox 868 3187 1015 3253; x_wconf 90' lang='lat' dir='ltr'>Cornelii</span> <span class='ocrx_word' id='word_1_263' title='bbox 1035 3191 1150 3254; x_wconf 84' lang='lat' dir='ltr'>nomi-</span> 
     </span>
     <span class='ocr_line' id='line_1_35' title="bbox 32 3273 1151 3363; baseline -0.001 -21"><span class='ocrx_word' id='word_1_264' title='bbox 32 3281 36 3290; x_wconf 82' lang='lat'><em>&#39;</em></span> <span class='ocrx_word' id='word_1_265' title='bbox 87 3299 130 3342; x_wconf 90' lang='lat' dir='ltr'>ne</span> <span class='ocrx_word' id='word_1_266' title='bbox 152 3278 257 3355; x_wconf 80' lang='lat' dir='ltr'>vitas,</span> <span class='ocrx_word' id='word_1_267' title='bbox 278 3275 432 3356; x_wconf 83' lang='lat' dir='ltr'>Tacitus,</span> <span class='ocrx_word' id='word_1_268' title='bbox 453 3273 619 3362; x_wconf 82' lang='lat' dir='ltr'>Apuleius</span> <span class='ocrx_word' id='word_1_269' title='bbox 636 3284 752 3360; x_wconf 90' lang='lat' dir='ltr'>quater</span> <span class='ocrx_word' id='word_1_270' title='bbox 773 3285 805 3336; x_wconf 89' lang='lat' dir='ltr'>et</span> <span class='ocrx_word' id='word_1_271' title='bbox 830 3274 952 3352; x_wconf 89' lang='lat' dir='ltr'>decies,</span> <span class='ocrx_word' id='word_1_272' title='bbox 979 3275 1151 3363; x_wconf 83' lang='lat' dir='ltr'>leianus,</span> 
     </span>
     <span class='ocr_line' id='line_1_36' title="bbox 88 3357 1150 3453; baseline 0.002 -25"><span class='ocrx_word' id='word_1_273' title='bbox 88 3357 337 3451; x_wconf 79' lang='lat' dir='ltr'>Symmachus,</span> <span class='ocrx_word' id='word_1_274' title='bbox 366 3361 541 3440; x_wconf 90' lang='lat' dir='ltr'>Sidonius,</span> <span class='ocrx_word' id='word_1_275' title='bbox 575 3361 738 3426; x_wconf 87' lang='lat' dir='ltr'>Minucius</span> <span class='ocrx_word' id='word_1_276' title='bbox 770 3358 881 3442; x_wconf 86' lang='lat' dir='ltr'>Felix,</span> <span class='ocrx_word' id='word_1_277' title='bbox 912 3362 1150 3453; x_wconf 87' lang='lat' dir='ltr'>Hieronymus.</span> 
     </span>
     <span class='ocr_line' id='line_1_37' title="bbox 89 3445 1171 3532; baseline 0.001 -19"><span class='ocrx_word' id='word_1_278' title='bbox 89 3451 132 3513; x_wconf 88' lang='lat' dir='ltr'>At</span> <span class='ocrx_word' id='word_1_279' title='bbox 147 3449 298 3514; x_wconf 84' lang='lat' dir='ltr'>Catonis¹</span> <span class='ocrx_word' id='word_1_280' title='bbox 313 3447 418 3512; x_wconf 84' lang='lat' dir='ltr'>libros</span> <span class='ocrx_word' id='word_1_281' title='bbox 440 3447 481 3512; x_wconf 92' lang='lat' dir='ltr'>de</span> <span class='ocrx_word' id='word_1_282' title='bbox 506 3468 543 3510; x_wconf 92' lang='lat' dir='ltr'>re</span> <span class='ocrx_word' id='word_1_283' title='bbox 566 3449 687 3511; x_wconf 88' lang='lat' dir='ltr'>rustica</span> <span class='ocrx_word' id='word_1_284' title='bbox 713 3468 784 3510; x_wconf 93' lang='lat' dir='ltr'>non</span> <span class='ocrx_word' id='word_1_285' title='bbox 798 3445 954 3532; x_wconf 88' lang='lat' dir='ltr'>sinceros</span> <span class='ocrx_word' id='word_1_286' title='bbox 977 3447 1171 3532; x_wconf 43' lang='lat' dir='ltr'>habemus(</span> 
     </span>
     <span class='ocr_line' id='line_1_38' title="bbox 87 3531 1149 3620; baseline 0 -20"><span class='ocrx_word' id='word_1_287' title='bbox 87 3535 143 3600; x_wconf 87' lang='lat' dir='ltr'>sed</span> <span class='ocrx_word' id='word_1_288' title='bbox 161 3557 180 3600; x_wconf 86' lang='lat' dir='ltr'>a</span> <span class='ocrx_word' id='word_1_289' title='bbox 199 3533 333 3615; x_wconf 89' lang='lat' dir='ltr'>multis,</span> <span class='ocrx_word' id='word_1_290' title='bbox 356 3543 393 3596; x_wconf 92' lang='lat' dir='ltr'>ut</span> <span class='ocrx_word' id='word_1_291' title='bbox 410 3531 813 3619; x_wconf 51' lang='lat' dir='ltr'>videturpinterpolatos,</span> <span class='ocrx_word' id='word_1_292' title='bbox 832 3544 864 3596; x_wconf 89' lang='lat' dir='ltr'>et</span> <span class='ocrx_word' id='word_1_293' title='bbox 884 3533 919 3596; x_wconf 93' lang='lat' dir='ltr'>in</span> <span class='ocrx_word' id='word_1_294' title='bbox 946 3532 1026 3616; x_wconf 89' lang='lat' dir='ltr'>hoc,</span> <span class='ocrx_word' id='word_1_295' title='bbox 1049 3555 1149 3620; x_wconf 91' lang='lat' dir='ltr'>quem</span> 
     </span>
     <span class='ocr_line' id='line_1_39' title="bbox 18 3617 1150 3708; baseline 0.001 -24"><span class='ocrx_word' id='word_1_296' title='bbox 18 3647 20 3656; x_wconf 24' lang='lat' dir='ltr'>a</span> <span class='ocrx_word' id='word_1_297' title='bbox 86 3620 194 3685; x_wconf 90' lang='lat' dir='ltr'>modo</span> <span class='ocrx_word' id='word_1_298' title='bbox 214 3618 412 3702; x_wconf 84' lang='lat' dir='ltr'>afferemus,</span> <span class='ocrx_word' id='word_1_299' title='bbox 435 3619 511 3682; x_wconf 92' lang='lat' dir='ltr'>loco</span> <span class='ocrx_word' id='word_1_300' title='bbox 531 3639 572 3680; x_wconf 89' lang='lat' dir='ltr'>ne</span> <span class='ocrx_word' id='word_1_301' title='bbox 587 3620 747 3682; x_wconf 82' lang='lat' dir='ltr'>sententia</span> <span class='ocrx_word' id='word_1_302' title='bbox 763 3617 897 3704; x_wconf 89' lang='lat' dir='ltr'>quidem</span> <span class='ocrx_word' id='word_1_303' title='bbox 918 3619 995 3682; x_wconf 89' lang='lat' dir='ltr'>satis</span> <span class='ocrx_word' id='word_1_304' title='bbox 1018 3622 1150 3708; x_wconf 86' lang='lat' dir='ltr'>perspi·-</span> 
     </span>
     <span class='ocr_line' id='line_1_40' title="bbox 86 3702 1148 3795; baseline -0.001 -24"><span class='ocrx_word' id='word_1_305' title='bbox 86 3708 115 3771; x_wconf 89' lang='lat' dir='ltr'>ei</span> <span class='ocrx_word' id='word_1_306' title='bbox 134 3702 266 3795; x_wconf 82' lang='lat' dir='ltr'>potest:</span> <span class='ocrx_word' id='word_1_307' title='bbox 290 3703 522 3783; x_wconf 78' lang='lat' dir='ltr'>Fanniiverba</span> <span class='ocrx_word' id='word_1_308' title='bbox 535 3702 692 3791; x_wconf 83' lang='lat' dir='ltr'>leguntur</span> <span class='ocrx_word' id='word_1_309' title='bbox 708 3704 795 3790; x_wconf 90' lang='lat' dir='ltr'>apud</span> <span class='ocrx_word' id='word_1_310' title='bbox 813 3704 1011 3791; x_wconf 88' lang='lat' dir='ltr'>scriptorem</span> <span class='ocrx_word' id='word_1_311' title='bbox 1027 3707 1148 3771; x_wconf 88' lang='lat' dir='ltr'>saeculi</span> 
     </span>
     <span class='ocr_line' id='line_1_41' title="bbox 86 3789 1160 3878; baseline -0.001 -22"><span class='ocrx_word' id='word_1_312' title='bbox 86 3793 220 3878; x_wconf 69' lang='lat' dir='ltr'>quartia</span> <span class='ocrx_word' id='word_1_313' title='bbox 251 3793 285 3857; x_wconf 94' lang='lat' dir='ltr'>in</span> <span class='ocrx_word' id='word_1_314' title='bbox 311 3789 571 3854; x_wconf 84' lang='lat' dir='ltr'>Rhetoricorum</span> <span class='ocrx_word' id='word_1_315' title='bbox 594 3789 671 3854; x_wconf 94' lang='lat' dir='ltr'>loco</span> <span class='ocrx_word' id='word_1_316' title='bbox 698 3789 829 3854; x_wconf 91' lang='lat' dir='ltr'>Pithoei</span> <span class='ocrx_word' id='word_1_317' title='bbox 858 3790 964 3854; x_wconf 81' lang='lat' dir='ltr'>codex</span> <span class='ocrx_word' id='word_1_318' title='bbox 989 3800 1022 3854; x_wconf 90' lang='lat' dir='ltr'>et</span> <span class='ocrx_word' id='word_1_319' title='bbox 1045 3792 1160 3857; x_wconf 51' lang='lat' dir='ltr'>editio¹</span> 
     </span>
     <span class='ocr_line' id='line_1_42' title="bbox 85 3873 1149 3960; baseline -0.002 -18"><span class='ocrx_word' id='word_1_320' title='bbox 85 3877 349 3942; x_wconf 85' lang='lat' dir='ltr'>mediolanensis</span> <span class='ocrx_word' id='word_1_321' title='bbox 376 3875 536 3940; x_wconf 83' lang='lat' dir='ltr'>exhibent</span> <span class='ocrx_word' id='word_1_322' title='bbox 565 3873 602 3938; x_wconf 82' lang='lat' dir='ltr'>in</span> <span class='ocrx_word' id='word_1_323' title='bbox 630 3875 817 3960; x_wconf 82' lang='lat' dir='ltr'>praesenti.</span> <span class='ocrx_word' id='word_1_324' title='bbox 855 3875 980 3940; x_wconf 55' lang='lat' dir='ltr'>stratui</span> <span class='ocrx_word' id='word_1_325' title='bbox 1008 3877 1149 3941; x_wconf 89' lang='lat' dir='ltr'>Annales</span> 
     </span>
     <span class='ocr_line' id='line_1_43' title="bbox 86 3960 1151 4046; baseline -0.002 -20"><span class='ocrx_word' id='word_1_326' title='bbox 86 3965 148 4028; x_wconf 89' lang='lat' dir='ltr'>nni</span> <span class='ocrx_word' id='word_1_327' title='bbox 168 3962 335 4028; x_wconf 89' lang='lat' dir='ltr'>debentur</span> <span class='ocrx_word' id='word_1_328' title='bbox 352 3961 476 4037; x_wconf 90' lang='lat' dir='ltr'>codici,</span> <span class='ocrx_word' id='word_1_329' title='bbox 495 3969 592 4045; x_wconf 86' lang='lat' dir='ltr'>atque</span> <span class='ocrx_word' id='word_1_330' title='bbox 606 3979 675 4025; x_wconf 90' lang='lat' dir='ltr'>uno</span> <span class='ocrx_word' id='word_1_331' title='bbox 691 3963 725 4026; x_wconf 92' lang='lat' dir='ltr'>in</span> <span class='ocrx_word' id='word_1_332' title='bbox 742 3961 818 4025; x_wconf 93' lang='lat' dir='ltr'>loco</span> <span class='ocrx_word' id='word_1_333' title='bbox 832 3960 952 4046; x_wconf 85' lang='lat' dir='ltr'>legitur</span> <span class='ocrx_word' id='word_1_334' title='bbox 967 3961 1032 4024; x_wconf 93' lang='lat' dir='ltr'>boc</span> <span class='ocrx_word' id='word_1_335' title='bbox 1048 3983 1151 4028; x_wconf 84' lang='lat' dir='ltr'>roca-</span> 
     </span>
     <span class='ocr_line' id='line_1_44' title="bbox 88 4045 1155 4134; baseline -0.001 -22"><span class='ocrx_word' id='word_1_336' title='bbox 88 4048 224 4113; x_wconf 90' lang='lat' dir='ltr'>bulum.</span> <span class='ocrx_word' id='word_1_337' title='bbox 247 4113 249 4117; x_wconf 75' lang='grc'>,</span> <span class='ocrx_word' id='word_1_338' title='bbox 269 4049 383 4128; x_wconf 84' lang='lat' dir='ltr'>Quare</span> <span class='ocrx_word' id='word_1_339' title='bbox 399 4047 438 4110; x_wconf 89' lang='lat' dir='ltr'>ad</span> <span class='ocrx_word' id='word_1_340' title='bbox 455 4060 608 4134; x_wconf 90' lang='lat' dir='ltr'>tempora</span> <span class='ocrx_word' id='word_1_341' title='bbox 624 4045 820 4132; x_wconf 86' lang='lat' dir='ltr'>depravatae</span> <span class='ocrx_word' id='word_1_342' title='bbox 834 4046 1001 4110; x_wconf 83' lang='lat' dir='ltr'>latinitatis</span> <span class='ocrx_word' id='word_1_343' title='bbox 1017 4045 1155 4134; x_wconf 82' lang='lat' dir='ltr'>eiusque</span> 
     </span>
    </p>
   </div>
   <div class='ocr_carea' id='block_1_11' title="bbox 87 4129 1312 4222">
    <p class='ocr_par' dir='ltr' id='par_1_11' title="bbox 87 4129 1312 4222">
     <span class='ocr_line' id='line_1_45' title="bbox 87 4129 1312 4222; baseline -0.003 -21"><span class='ocrx_word' id='word_1_344' title='bbox 87 4145 249 4201; x_wconf 85' lang='lat' dir='ltr'>auctores</span> <span class='ocrx_word' id='word_1_345' title='bbox 276 4133 454 4222; x_wconf 86' lang='lat' dir='ltr'>Apuleium</span> <span class='ocrx_word' id='word_1_346' title='bbox 483 4142 516 4198; x_wconf 86' lang='lat' dir='ltr'>et</span> <span class='ocrx_word' id='word_1_347' title='bbox 535 4133 747 4220; x_wconf 52' lang='lat' dir='ltr'>‚posteriores</span> <span class='ocrx_word' id='word_1_348' title='bbox 776 4129 1025 4208; x_wconf 86' lang='lat' dir='ltr'>revocabimur,</span> <span class='ocrx_word' id='word_1_349' title='bbox 1065 4155 1163 4222; x_wconf 88' lang='lat' dir='ltr'>quos</span> <span class='ocrx_word' id='word_1_350' title='bbox 1225 4217 1227 4222; x_wconf 23' lang='grc' dir='ltr'>Ι</span> <span class='ocrx_word' id='word_1_351' title='bbox 1310 4152 1312 4158; x_wconf 93' lang='grc'><strong><em>·</em></strong></span> 
     </span>
    </p>
   </div>
   <div class='ocr_carea' id='block_1_12' title="bbox 713 4397 1024 4433">
    <p class='ocr_par' dir='ltr' id='par_1_12' title="bbox 713 4397 1024 4433">
     <span class='ocr_line' id='line_1_46' title="bbox 713 4397 1024 4433; baseline 0.003 -13"><span class='ocrx_word' id='word_1_352' title='bbox 713 4414 716 4420; x_wconf 95' lang='grc'><strong>.</strong></span> <span class='ocrx_word' id='word_1_353' title='bbox 794 4397 805 4428; x_wconf 68' lang='grc' dir='ltr'><em>Ι</em></span> <span class='ocrx_word' id='word_1_354' title='bbox 905 4399 911 4406; x_wconf 57' lang='lat'>‘</span> <span class='ocrx_word' id='word_1_355' title='bbox 1021 4425 1024 4433; x_wconf 56' lang='grc' dir='ltr'>Ι</span> 
     </span>
    </p>
   </div>
   <div class='ocr_carea' id='block_1_13' title="bbox 0 0 1374 4730">
    <p class='ocr_par' dir='ltr' id='par_1_13' title="bbox 0 0 1374 4730">
     <span class='ocr_line' id='line_1_47' title="bbox 0 0 1374 4730; baseline 0 4"><span class='ocrx_word' id='word_1_356' title='bbox 0 0 1374 4730; x_wconf 95' lang='lat' dir='ltr'> </span> 
     </span>
    </p>
   </div>
  </div>
 </body>
</html>
