2812 4732
567 234 625 310 sst-
1016 220 1127 308 ''scr
1231 264 1273 330 f

155 388 281 459 Quintil.
296 372 417 441 Declam.
432 384 459 452 3,
477 384 502 438 9.
520 386 548 438 in
564 388 632 439 diem
646 404 751 456 sperare
764 390 845 444 etiam
860 407 990 460 procesna
1002 401 1096 462 potest.

164 493 273 545 000001.
289 491 369 545 Atlio.
383 489 417 557 9,
430 489 457 547 5,
473 489 554 558 qaam
573 490 622 543 illa
630 492 748 568 fundam
769 494 882 547 secanda
890 498 1001 563 fortuna
1016 499 1118 554 emisset

132 582 161 632 in
179 580 257 631 diem.
356 604 362 611 ¹
385 572 392 614 3
745 592 747 594 ’

164 676 273 749 leius.
296 679 325 732 in
345 678 409 748 mg.
431 676 482 744 23,
505 673 605 740 3,.’43.
630 678 672 730 sin
687 695 748 731 aero
762 680 888 750 obligatio
907 682 935 733 in
956 681 1024 733 diem
1035 682 1120 748 faerit

130 771 185 818 etc.
218 762 244 830 5,
262 764 291 831 3,
308 763 359 840 16.
370 763 464 832 quodsi
478 763 508 814 in
524 762 592 814 diem
606 763 641 815 sit
659 763 761 816 debitor
784 765 823 817 uel
838 767 884 816 sub
898 766 1043 818 conditione
1066 771 1120 821 010.

128 851 160 902 10
183 851 252 903 diem
276 851 401 920 stipulari
424 853 453 901 et
474 845 533 900 alia
558 847 604 901 vd.
632 845 661 899 iu
691 849 815 903 Brissou.
845 848 880 903 60
913 851 995 903 Verb.
1022 847 1117 919 signif.

128 953 156 1004 p.
173 933 232 989 588.
249 937 278 988 b.

161 1037 234 1091 Pliu.
250 1039 318 1090 Pan.
334 1035 377 1101 46,
392 1033 419 1087 3.
437 1035 483 1102 pai
499 1029 623 1088 eiusmodi
636 1053 666 1088 ea
682 1035 779 1088 caussis
793 1035 822 1087 in
840 1036 910 1088 diem
930 1036 1012 1118 edicti
1029 1014 1117 1090 uicesi-

126 1140 197 1176 mum
213 1124 314 1176 debeat.
346 1117 1115 1190 Ρο01100101113.26,7,53.011061006011001010-
1178 1167 1181 1172 .

96 1281 98 1288 ,
128 1209 170 1261 lac
186 1209 274 1261 idonei
285 1207 486 1275 permansissent
501 1212 605 1258 tortores.
782 1207 786 1215 '
999 1244 1002 1248 ι

161 1309 276 1376 Quintil.
291 1308 414 1360 Declam.
429 1305 473 1372 13,
488 1305 532 1360 li.
551 1320 604 1360 non
622 1315 653 1360 ut
666 1313 747 1376 feros
768 1307 898 1374 uolucres,
916 1325 968 1362 non
987 1325 1114 1378 praesert-

127 1395 161 1448 tis
173 1395 248 1447 modo
263 1394 314 1446 cibi
326 1409 457 1456 memores,
473 1394 502 1444 in
518 1394 587 1444 diem
602 1394 709 1446 uiuant:
726 1394 869 1446 duraturam
884 1395 964 1447 leiensi
978 1395 1115 1464 reponitur

125 1479 210 1531 uictas
223 1485 249 1530 et
263 1479 442 1547 reprobavere
456 1479 526 1530 cellis
541 1483 612 1529 tutas
627 1495 711 1529 annus
728 1486 772 1532 est.
806 1476 913 1539 Culum.
931 1478 965 1531 60
986 1480 1029 1531 Re
1042 1496 1066 1531 r.
1085 1477 1112 1543 3,
1207 1500 1216 1513 s

126 1561 153 1644 3,
167 1560 192 1616 6.
204 1568 325 1630 fructum
339 1562 456 1630 plerique
473 1578 552 1628 qnam
572 1563 730 1614 uberrimam
747 1571 941 1628 consectantur,
960 1581 1004 1616 aec
1024 1562 1112 1631 proci-

13 1658 20 1666 *
127 1649 188 1700 dent
199 1652 293 1715 salaro
310 1648 422 1714 tempori
431 1684 439 1710 ,
454 1647 501 1698 sed
519 1648 593 1715 quasi
612 1649 694 1716 plane
715 1648 742 1699 in
762 1648 830 1699 diem
852 1649 959 1712 uiuant,
978 1649 1014 1699 sic
1032 1648 1114 1716 impe·

125 1738 184 1783 runt
199 1733 293 1784 ultibus
307 1739 332 1783 et
355 1748 399 1783 eas
422 1731 510 1782 maltis
528 1733 685 1800 palmitibus
706 1741 829 1796 onerant,
849 1740 880 1785 al
897 1733 1044 1801 posteritati
1058 1747 1112 1784 non

41 1823 45 1831 '
125 1817 270 1868 consulant.
305 1815 363 1868 Cic.
379 1815 411 1866 de
428 1813 679 1881 0000401011.
697 1817 721 1868 si
736 1818 907 1869 barbarorum
930 1801 977 1869 esl'
992 1816 1022 1867 in
1042 1815 1112 1867 diem

124 1903 224 1962 uiuere,
243 1907 333 1952 nostra
349 1901 454 1951 consiliu
472 1902 653 1970 sempiternam
665 1908 765 1971 tempus
783 1908 903 1971 spectare
919 1901 1015 1953 debent.
1049 1900 1112 1951 Huc

128 1991 171 2036 ost
185 1983 290 2035 nullam
305 1982 409 2034 habers
423 2000 519 2035 curam
541 1977 632 2037 101001
644 1987 783 2054 temporis.
817 1985 889 2038 Pliu.
904 1984 956 2053 Ep
978 1982 1067 2053 (this,
1084 1982 1112 2036 4.
1208 2014 1211 2017 ·

127 2086 189 2120 nam
207 2068 440 2136 qaiuoluplatibus
461 2070 543 2120 dediti
561 2071 636 2136 quasi
657 2072 686 2122 in
706 2073 775 2122 diern
791 2072 898 2135 cicant,
915 2070 1018 2123 uiuendi
1037 2084 1112 2121 caus·

126 2170 171 2206 sas
188 2152 423 2220 quotidiefiniant:
444 2146 489 2220 qai
503 2169 560 2230 aero
575 2162 688 2221 posteros
703 2157 820 2234 cogitant
834 2182 887 2218 -,
906 2155 946 2218 bis
954 2155 1029 2206 nalla
1043 2170 1113 2207 mors

127 2255 180 2289 non
193 2238 333 2305 repentina
354 2244 399 2290 est.
434 2236 487 2288 His
504 2236 685 2290 demonstrari
707 2245 797 2304 potest
818 2237 949 2290 transitus
971 2237 999 2288 in
1022 2242 1111 2290 meta·

124 2319 270 2389 phoricum
291 2337 379 2372 usum.
414 2306 478 2372 (110.11
488 2315 564 2372 Phil.
581 2321 614 2386 2,
629 2321 680 2387 34,
694 2319 738 2375 86.
766 2323 876 2373 iamiam
894 2322 999 2373 minime
1021 2323 1114 2388 miror,

123 2414 151 2459 te
170 2433 202 2445 -
220 2422 278 2457 cum
291 2405 473 2474 perditissimis
491 2407 636 2459 latronibus
648 2426 698 2460 non
710 2408 794 2460 solam
809 2409 841 2458 dc
856 2406 914 2471 die,
930 2407 976 2458 sed
990 2406 1070 2458 etiam
1084 2407 1113 2459 iu
1171 2468 1172 2471 Ἴ

124 2491 193 2544 diem
216 2490 308 2542 uivere.
341 2489 375 2540 60
387 2504 447 2557 Ι000
468 2489 531 2542 loco
556 2489 621 2544 ride
642 2491 848 2560 Heusingerum
869 2487 1111 2544 0100010002.

126 2595 154 2644 p.
170 2573 232 2627 266.
266 2571 342 2626 Phil.
355 2571 382 2639 6,
398 2573 425 2638 11,
440 2573 485 2627 25.
502 2583 530 2628 at
544 2577 574 2628 bi
587 2578 631 2645 qui
648 2578 676 2629 in
702 2579 794 2630 boram
815 2577 942 2638 uiuerent,
961 2592 1011 2626 non
1035 2575 1113 2643 modo

125 2661 157 2713 dc
166 2659 285 2728 fortunis
300 2667 326 2714 et
341 2661 372 2713 de
385 2661 461 2714 60010
474 2661 590 2726 0101000,
602 2663 647 2716 sed
662 2680 694 2716 ne
708 2663 740 2715 de
756 2662 870 2714 utilitate
885 2658 988 2731 quidem
1003 2676 1054 2713 sua
1067 2676 1111 2714 co·

124 2745 282 2814 gilavernnt.

79 2911 85 2922 Ι
161 2845 216 2899 Cic.
233 2846 315 2899 Tuec.
331 2843 416 2913 6,11,
432 2847 476 2900 33.
493 2853 523 2901 10
539 2849 641 2916 quidem
655 2848 757 2901 tabellis
773 2847 919 2918 obsignatis
936 2848 997 2917 agis
1010 2863 1109 2899 mamm

126 2931 157 2986 01
170 2932 334 2998 testificaris,
357 2933 420 2999 qnid
437 2934 544 2985 dixerim
559 2934 700 3000 aliquanda
717 2939 765 2984 aul
786 2932 932 2999 scripserim
942 2949 955 2982 s·
969 2958 1002 2971 -
1018 2948 1066 2982 aas
1082 2931 1110 2981 in
1202 2934 1206 2941 ’

114 3016 193 3085 Ι61000
213 3017 342 3067 aluimus.-
359 3012 534 3084 quodcumqae
550 3025 648 3068 nostros
666 3018 763 3066 animos
776 3015 960 3082 probabilitate
974 3015 1109 3081 percussit,

124 3101 155 3153 id
169 3099 285 3161 dicimus.
322 3099 436 3151 Woblius
452 3107 544 3153 monet
558 3101 584 3152 ia
599 3101 668 3152 diem
683 3101 766 3150 maere
780 3097 827 3149 hic
841 3114 901 3152 esso
915 3098 1003 3151 libere
1017 3097 1109 3166 philu-

124 3181 246 3250 sophafi,
259 3184 317 3252 srei
323 3187 458 3252 sorscben.
490 3186 527 3239 At
542 3185 640 3238 Cicero
657 3181 741 3237 etiam
755 3183 808 3234 hoc
823 3184 885 3236 1000
899 3182 1010 3250 opponit
1023 3182 1109 3234 ratiu-

74 3257 75 3260 '
124 3284 197 3334 uem,
217 3275 244 3321 et
258 3285 288 3320 sc
300 3269 496 3323 Academicum
510 3271 615 3322 nullam
629 3276 768 3320 certorum
783 3274 989 3336 praeceptorum
1004 3267 1108 3334 habere
1206 3322 1208 3326 ,

124 3352 280 3419 rationem,
298 3354 346 3405 sed
361 3344 536 3424 quodcumqae
554 3355 671 3406 unimam
690 3352 873 3425 probabilitate
889 3354 1061 3424 percusserit,
1077 3353 1107 3405 id
1195 3381 1197 3385 ·
1272 3384 1273 3387 =

122 3440 225 3509 dicere,
245 3455 296 3491 nec
309 3456 423 3506 curare,
447 3441 512 3509 quid
527 3438 597 3495 alias
614 3443 746 3491 statutum
762 3431 810 3496 sit.

159 3554 312 3623 cellarius,
338 3556 510 3610 Hadrianum
532 3556 706 3610 cardinalem
728 3541 874 3623 sequutus,
900 3555 930 3608 10
951 3554 1013 3608 Gur.
1035 3556 1106 3622 post.

125 3657 152 3707 p.
167 3638 227 3692 298.
250 3642 373 3710 exposuit
390 3630 544 3694 formulam'
561 3658 597 3695 ea
612 3641 655 3694 die
680 3643 715 3706 in..
727 3643 797 3694 diens
819 3658 873 3693 000
894 3639 981 3694 tuine
1001 3634 1117 3695 10011610
1140 3635 1146 3644 ’

19 3790 24 3801 ¹
122 3723 271 3792 usitatam,
289 3728 336 3780 sed
354 3745 386 3780 ex
399 3728 592 3781 Hebraeorum
606 3725 703 3796 lingua
718 3725 899 3796 desumptam.
964 3773 966 3779 .

141 3884 194 3957 10,
214 3878 259 3945 10
276 3877 348 3943 dies
364 3889 396 3943 et
411 3879 447 3942 in
463 3878 618 3969 cingulos
634 3879 707 3946 dies
722 3878 960 3946 distributionis
977 3876 1106 3943 ratione

57 3961 195 4048 dicitur,
226 3974 263 4033 ut
287 3966 492 4033 contrarium
515 3964 556 4031 sit
584 3968 622 4032 ia
647 3968 867 4057 perpetuam,
896 3966 934 4031 in
964 3963 1106 4048 longam

52 4061 197 4140 tempus.
253 4048 451 4138 intelligitur
480 4054 588 4137 euim,
614 4074 686 4120 rem
710 4055 874 4142 pertinere
895 4051 936 4116 ad
960 4047 1106 4135 singulos
1136 4102 1137 4105 ,
1228 4100 1239 4110 ,
1338 4078 1339 4085 1
