2738 4730
215 333 281 402 aaa
741 321 821 414 IN.
927 281 930 294 ¹
980 299 984 306 ’

223 485 394 570 utriusque
419 491 511 544 casus
538 472 781 625 proprietatem
810 471 999 547 vindicavit.
1044 471 1083 542 ld
1102 472 1203 561 igitur
1226 479 1277 540 te-

225 591 381 645 neamus,
401 564 537 630 neclice
562 561 588 626 it
610 581 687 626 oum
705 562 828 627 Vossio
853 571 910 626 aut
933 582 1010 624 cum
1033 560 1199 626 Ellendtio
1222 562 1278 648 (arl

227 659 299 723 Cic.
321 655 414 719 Brut.
437 649 505 734 61.)
534 645 693 728 statuere,
724 647 927 733 antiquiores
950 647 1085 712 Latinos
1111 670 1180 711 non
1204 648 1278 710 satis

227 740 415 808 distinxisse
429 735 659 824 promiscuum
674 731 754 822 prae
781 733 930 798 ositionis
943 753 1053 800 usum.
1100 731 1202 813 Quod
1219 731 1280 796 lal-

144 838 153 846 '
186 879 187 882 ,
228 851 304 902 sum
324 823 441 890 fuisset
458 831 490 886 et
513 820 705 884 absurdum.
729 757 860 900 'guare
885 817 1056 884 veritatem
1079 820 1128 882 rei
1153 820 1280 906 primus

226 913 397 1005 perspexit
426 907 575 973 Kritzius
608 905 649 969 ad
676 905 809 969 Sallust.
842 905 914 970 Cat.
939 909 979 983 9,
1002 911 1033 970 2.
1060 905 1281 982 contendens,

226 999 360 1068 nullum
376 1016 488 1060 casum
504 1014 561 1056 sua
588 992 619 1056 vi
641 991 789 1066 destitui,
812 997 975 1055 nec'cum
998 991 1063 1055 alio
1092 1011 1166 1054 casu
1192 1012 1282 1053 ccm-

228 1085 370 1164 mutari‚
401 1081 466 1146 nisi
492 1077 672 1141 sententiae
693 1077 767 1141 ,alia
799 1073 910 1142 forma
942 1076 1100 1164 imposita
1126 1077 1179 1139 sit.
1223 1077 1283 1139 Ni·

228 1173 355 1238 mirum
370 1167 465 1231 notio
483 1173 595 1227 motus
615 1173 648 1227 et
664 1161 853 1234 directionis
871 1175 903 1226 et
920 1163 967 1225 rei
977 1209 986 1242 ,
1014 1162 1065 1226 cui
1085 1161 1213 1248 agendo
1230 1163 1285 1246 acl·

228 1257 425 1326 vertimur,
446 1251 537 1318 nullo
565 1258 662 1335 pacto
690 1245 866 1334 significari
903 1256 1016 1332 potest
1052 1246 1215 1330 ablativo:
1254 1259 1284 1311 at

229 1351 341 1434 potest
356 1338 454 1402 liuius
471 1335 597 1433 generis
612 1335 696 1398 actio
722 1335 771 1396 vel
798 1334 936 1418 qualitas
959 1355 1020 1396 suo
1043 1333 1145 1397 verbo
1170 1335 1284 1418 expri-

228 1430 294 1503 mi,
318 1425 371 1490 cui
391 1422 562 1488 adiicietur
578 1441 704 1483 nomen
721 1441 798 1482 cum
816 1417 1084 1506 praepositione,
1104 1431 1143 1484 ut
1158 1420 1283 1483 intelli-

150 1587 152 1592 ,
231 1523 345 1602 gatur,
369 1509 425 1573 ubi
442 1507 522 1572 haec
544 1507 627 1570 actio
644 1514 818 1594 appareat,
841 1515 896 1570 aut
911 1505 946 1566 in
968 1527 1032 1591 qua
1049 1526 1113 1580 re,
1130 1526 1236 1590 quave
1252 1506 1284 1568 in

231 1596 422 1663 conditione
445 1615 497 1658 res
520 1591 645 1675 agenda
663 1601 821 1656 versetur.
866 1591 957 1654 Hanc
981 1590 1036 1654 alii
1060 1601 1182 1656 vocant
1202 1599 1285 1654 con-

229 1684 398 1751 fusionem
431 1680 619 1744 notionum.
671 1677 732 1742 Est
756 1699 833 1741 vero
856 1675 1114 1761 comprehensio
1145 1675 1286 1741 duarum

230 1770 409 1836 notionum
430 1765 666 1830 absolutarum.
709 1761 855 1826 Tantum
881 1762 889 1824 i
916 1763 980 1826 itur
1003 1763 1112 1842 abest,
1138 1773 1177 1826 ut
1201 1762 1285 1828 hane

230 1856 490 1923 rationem'cum
507 1850 640 1916 Krilzio
657 1848 823 1935 explicem
840 1785 947 1928 verbis
971 1847 1061 1946 quod
1082 1849 1230 1926 attinet,
1250 1851 1285 1913 ia

230 1941 352 2026 Beaug·
376 1934 456 2025 aris,
481 1958 565 2022 quae
586 1955 655 1997 uno
675 1935 865 1998 accusativo
890 1932 986 1997 reddi
1009 1944 1171 2021 possunt,
1195 1945 1229 1998 ut
1252 1936 1285 1999 in

231 2025 364 2092 ablativi
380 2033 544 2085 structura
560 2031 682 2083 statum
696 2030 729 2082 et
746 2021 975 2084 conditionem
992 2021 1039 2084 rei
1057 2021 1202 2106 agendae
1220 2018 1284 2085 sive

230 2131 322 2187 rem,
345 2110 379 2172 in
408 2128 470 2192 qua
495 2107 574 2192 quid
591 2117 766 2194 appareat,
792 2127 980 2193 expressam
997 2106 1137 2170 videam.
1184 2112 1283 2170 Amor

172 2251 177 2264 .
232 2208 288 2261 aut
305 2197 336 2259 in
351 2216 394 2262 ro
412 2193 634 2278 conspicitur,
659 2193 716 2278 qui
733 2202 838 2266 amat,
862 2201 952 2254 etex
968 2213 1007 2256 eo
1031 2193 1121 2257 exire
1146 2189 1282 2256 dicimus

234 2302 384 2347 amorem
410 2279 443 2341 iu
465 2279 628 2362 aliquem,
659 2289 714 2341 aut
736 2287 873 2366 apparet
904 2277 938 2340 in
969 2277 1112 2364 eo‚,qui
1143 2290 1281 2342 amatur.

234 2369 346 2448 Quare
362 2367 450 2430 recte
465 2365 584 2428 dicitur
601 2386 698 2428 urere
714 2364 750 2428 ia
769 2363 916 2451 aliquem
935 2373 968 2426 et
985 2362 1023 2427 ira
1040 2364 1176 2450 aliquo,
1192 2360 1284 2451 fide-

232 2455 278 2518 lis
295 2455 333 2517 ic
357 2451 486 2515 amicos
504 2461 536 2512 et
558 2451 596 2514 in
613 2451 754 2530 amicis,
780 2449 869 2536 quod
886 2459 1039 2530 nonest,
1061 2449 1153 2536 quod
1172 2453 1285 2518 attinet

233 2540 275 2605 nd
290 2539 434 2618 amicos,
456 2536 512 2600 sed
530 2534 662 2601 fidelem
674 2536 815 2602 inveniri
827 2535 862 2600 in
880 2535 1005 2600 amieis.

321 2714 349 2772 1.
380 2708 451 2790 Nos
476 2707 529 2771 hic
552 2729 588 2772 ea
607 2707 929 2787 demonstrabimus,
952 2713 1034 2795 quae
1050 2707 1194 2776 ablativo
1211 2717 1288 2792 sunt

201 2857 202 2861 ,
229 2794 388 2882 propria,
410 2792 498 2858 infra
515 2793 555 2858 de
571 2795 753 2858 accusativo
771 2816 923 2859 seorsum
941 2796 1136 2881 exposituri.
1182 2799 1287 2880 Atque

231 2879 318 2944 ratio
344 2878 443 2954 haec,
470 2901 569 2964 quam
595 2880 661 2944 iam
685 2901 786 2967 supra
812 2881 1036 2959 ostendimus,
1074 2880 1223 2968 pertinet
1248 2881 1288 2945 ad

232 2964 388 3030 adiectiva
410 2965 591 3052 qualitatis,
615 2967 809 3055 praesertim
828 2967 947 3044 animi,
972 2976 1009 3027 ut
1030 2965 1176 3045 dicatur,
1201 2989 1288 3054 quo-

230 3052 334 3118 modo
353 3050 470 3138 aliquis
492 3075 526 3114 se
550 3064 641 3138 gerat
668 3056 700 3118 in
726 3053 848 3138 aliquo.
891 3050 1026 3115 Accedit
1052 3053 1191 3117 verbum
1217 3076 1287 3118 ease
1358 3051 1359 3073 ¹

231 3137 440 3224 plerumque.
498 3138 565 3202 Sed
588 3139 649 3202 alia
677 3159 810 3225 quoque
842 3139 938 3203 verba
966 3137 1030 3200 hoc
1062 3139 1168 3202 modo
1205 3161 1288 3202 con·

230 3233 423 3297 struuntur,
454 3223 549 3286 sicuti
575 3235 669 3287 antea
700 3229 825 3310 puer.
848 3235 882 3289 et
903 3245 937 3308 p.
956 3227 1029 3288 269.
1059 3224 1290 3309 explanatum,
1357 3279 1358 3286 ,

231 3305 296 3369 dici
312 3306 436 3396 facere
459 3307 497 3370 in
528 3308 661 3394 aliquo,
693 3309 805 3375 dicere
838 3309 876 3372 in
907 3307 1033 3396 alique.
1084 3310 1290 3397 Designatnr

230 3392 337 3463 enim,
360 3392 394 3454 iu
416 3411 481 3476 quo
501 3393 586 3456 actio
602 3394 714 3466 locum
731 3415 828 3459 suum
845 3393 981 3476 habeat,
1004 3403 1060 3458 aut
1079 3395 1113 3458 in
1136 3417 1206 3482 quo
1228 3415 1291 3483 ap-

223 3485 344 3562 pareat
359 3498 393 3539 se
409 3498 574 3542 exserens.
618 3478 789 3544 Interdum
816 3479 955 3544 brevitas
976 3479 1135 3544 orationis
1161 3483 1292 3546 omittit

228 3561 464 3645 gerundivum,
488 3575 543 3626 aut
559 3563 800 3630 substantivum
822 3587 887 3652 pro
910 3565 1137 3631 enuntiatione
1164 3567 1290 3632 condi-

131 3668 136 3675 ·
227 3647 342 3712 tionali
353 3650 500 3733 ponitur.
523 3647 575 3714 Cf.
586 3673 621 3736 p.
632 3653 704 3716 258.
724 3650 794 3716 Nec
811 3664 933 3716 veteres
950 3661 1080 3714 tantum
1097 3652 1287 3740 scriptores

225 3728 316 3881 {runc
332 3733 491 3819 loquendi
509 3735 649 3800 modum
671 3735 895 3838 usurpabant,
916 3737 974 3802 sed
989 3758 1105 3802 omnes
1129 3759 1289 3804 omnium

242 3839 432 3907 emporum.

328 3970 386 4026 Cic.
403 3971 436 4026 etl
452 3973 530 4026 Fsr'n.
544 3970 577 4036 3,
591 3969 626 4037 8,
638 3969 666 4025 Β.
680 3972 768 4026 dudio
783 3975 849 4027 milri
864 3990 953 4028 eoram
972 3976 1091 4045 placere,
1112 3977 1182 4045 qaod
1203 3939 1239 4030 i'n
1263 3985 1290 4032 te
1355 3977 1356 3988 .

290 4057 353 4110 tene
372 4057 468 4111 merito
482 4057 558 4128 grati
577 4065 665 4110 essent.
698 4056 819 4112 Orellius
840 4058 950 4128 scripsit
966 4062 1100 4125 meritam,
1119 4062 1191 4127 quod
1214 4063 1289 4116 sim·

288 4143 351 4210 plex
365 4143 453 4198 oratio
470 4141 627 4212 efflagitare
637 4142 799 4205 videbatur:
818 4149 909 4200 tamen
924 4143 1109 4210 submutavit
1127 4145 1284 4201 aliishaec
