2592 4720
442 335 631 402 Maxime,
992 339 1060 432 aas

119 491 177 548 cie.
200 489 235 543 de
258 487 327 557 neg.
348 487 375 554 1,
400 485 442 554 18,
466 488 509 544 49.
536 497 567 542 ut
587 491 654 543 euim
675 489 779 558 quisque
797 487 908 541 marimo
925 490 960 542 ud
980 507 1055 547 suum

82 579 246 633 commodum
259 579 358 642 referi,
374 591 544 642 quuewmque
559 577 637 644 agit,
657 575 698 627 ita
713 573 816 625 minime
831 578 869 624 eat
881 573 1020 630 virbonus.

52 685 56 696 '
127 669 184 732 cic.
198 695 225 748 p.
241 679 322 730 Rosa.
337 676 396 729 Am.
412 675 456 740 53,
471 675 530 728 154.
546 695 581 738 ea¹
600 676 687 744 quibus
704 675 776 727 rebus
795 673 904 727 mamma
918 679 1057 746 respublica

90 765 209 827 laborat,
234 763 266 814 iis
291 761 403 812 murima
426 761 524 812 mederi
545 759 663 812 seruauit.
697 759 788 812 Piuut.
809 759 907 825 Amph.
928 759 994 828 1,1,
1011 761 1053 816 44.

82 867 145 902 uam
160 864 236 917 quom
254 845 407 914 pugnabant
429 859 564 907 aramme,
579 861 628 912 ego
636 843 776 913 fugiebam
797 859 924 896 maxume.
960 845 991 898 lu
1012 849 1054 902 ul-

84 940 143 986 tero
158 929 280 982 membro
296 927 426 996 positivus
442 926 672 1012 apponiturmapud
686 927 776 980 Plaut.
789 927 874 980 Mero.
890 927 916 994 1,
931 927 957 994 2,
974 929 1018 983 12.

101 1059 151 1118 12.
172 1049 569 1116 Familiaris'eousueurdo
590 1047 931 1134 matavitiegitimum
954 1073 1051 1120 usum
1099 1056 1103 1064 ’
1156 1123 1158 1127 ,
1215 1044 1217 1052 ¹

16 1138 49 1204 in
67 1159 126 1219 eo,
148 1139 236 1225 quod
252 1137 401 1202 maxime
423 1134 728 1224 propriissimum,
749 1135 838 1220 quod
865 1155 967 1214 unum
990 1139 1053 1203 ali-

17 1225 95 1310 quid
112 1223 285 1289 exactetis
309 1231 399 1286 tenet
421 1231 453 1286 et
475 1219 636 1310 praeferi,
659 1224 843 1306 promissus
866 1223 947 1308 poni
968 1244 1050 1288 aon·

17 1309 122 1376 cessit.
165 1306 200 1372 ld
217 1308 345 1372 transiit
363 1310 396 1372 in
411 1328 505 1370 usum
522 1305 722 1392 scriptoram
743 1303 908 1396 inferioris
926 1309 1049 1374 aetatis.

1 1396 121 1480 Atque
143 1395 291 1481 primum
315 1391 349 1456 id
371 1391 417 1456 ibi
438 1389 562 1456 factum
586 1389 751 1468 ridemus,
779 1390 833 1454 ubi
859 1391 1050 1460 adverbium

18 1500 98 1542 oum
121 1477 342 1543 numeralibus
369 1476 637 1564 componebatur.
688 1475 899 1540 Grammatioi
924 1477 1049 1565 signifi·
1140 1505 1144 1528 ¹

18 1565 83 1628 cari
110 1563 223 1628 dieunt
244 1562 373 1650 ferme,
386 1559 483 1649 fere,
517 1571 549 1624 et
580 1570 772 1646 comparant
803 1559 989 1626 admodum
1019 1575 1051 1629 et

17 1669 168 1734 graecum
184 1643 318 1730 μάλιστα.
362 1647 478 1712 Graeci
496 1656 603 1710 autem
618 1645 661 1710 ita
676 1667 738 1732 pro
753 1639 883 1730 ἀκριβῶς
904 1647 1050 1734 loquun-
1135 1662 1139 1670 “

15 1744 70 1799 tur
90 1745 122 1799 et
145 1755 216 1798 rem
240 1724 390 1798 referunt
413 1730 462 1797 vel
485 1731 524 1794 ad
548 1731 721 1794 minimum
745 1730 794 1794 vel
820 1731 859 1794 ad
882 1748 1050 1799 summum
1101 1773 1107 1782 -

15 1837 210 1897 numerum,
242 1829 277 1882 ut
304 1815 406 1880 modo
432 1818 473 1881 sit
494 1813 686 1893 lachetem,
708 1813 810 1880 modo
833 1817 1049 1903 wenigsteas.

17 1905 67 1970 ef.
91 1903 313 1968 Hemsterhus.
331 1903 369 1965 ud
386 1905 518 1966 Lasion.
542 1900 642 1964 Tom.
659 1907 688 1964 1.
728 1905 826 1964 .303.
851 1899 923 1990 Bip.
944 1901 1050 1968 luten

16 1999 100 2068 preb.
116 1988 156 2052 ad
177 1987 331 2072 Thucyd.
350 1993 379 2062 1,
396 1988 447 2050 54.
472 1985 657 2050 Weiskium
680 1923 725 2050 abl
735 1984 951 2085 Xenophane.
969 1989 1050 2053 Hel·
1074 2013 1076 2022 ⁴

15 2073 81 2140 len.
97 2095 132 2159 p.
149 2073 223 2136 472.
262 2072 299 2134 ld
316 2071 420 2134 Latini
436 2067 547 2132 infima
562 2069 696 2134 demam
711 2082 814 2134 astare
829 2075 944 2136 imitati
961 2083 1049 2156 sunt,

15 2170 51 2223 nt
71 2157 195 2224 Gellius
214 2160 263 2233 17,
279 2158 310 2219 8.
332 2165 407 2220 erut
424 2153 453 2216 is
463 2175 553 2238 puer
564 2176 690 2240 genere
704 2155 855 2229 Atticus,
878 2155 927 2221 ud
941 2181 1061 2224 aanor·

14 2244 164 2308 maxime
179 2252 280 2304 nutus
295 2251 380 2303 octo.
424 2239 487 2304 Sed
503 2239 701 2323 antiquiores
717 2241 891 2324 scriptores
908 2263 970 2326 pro
980 2266 1050 2392 {o-

16 2329 184 2393 tiseimum
207 2325 377 2406 dixerunt,
405 2334 440 2388 ut
473 2335 597 2388 eertum
632 2323 924 2400 numerum‚1aliis
953 2349 1051 2394 reus
1130 2335 1133 2343 '

17 2415 146 2492 missis,
167 2420 325 2474 [enereni.

119 2528 232 2598 Quintil.
245 2525 331 2594 5‚‚14,
346 2526 371 2581 5.
391 2511 478 2580 cicero
493 2526 604 2580 mamma
619 2528 729 2596 quiaque
745 2527 865 2594 defendit.
883 2526 902 2581 i.
917 2543 941 2580 e.
958 2545 992 2584 ex
1005 2549 1051 2585 rs-

84 2613 168 2683 liquis
191 2613 249 2666 sive
274 2631 306 2666 ex
332 2620 386 2668 toto
410 2627 522 2664 numero
545 2611 669 2680 quiaque.
703 2608 730 2672 8,
745 2608 772 2673 4,
786 2607 811 2660 b.
828 2619 939 2680 quaram
961 2622 1052 2688 tamea

84 2699 194 2754 maxime
212 2699 348 2768 generibus
367 2699 573 2750 uideoaauetars
594 2697 826 2764 amplificationem.
845 2695 864 2748 i.
880 2693 904 2748 e.
922 2715 975 2752 non
989 2701 1052 2768 plu·
1133 2744 1135 2753 ,

83 2783 169 2838 ribus.
203 2775 234 2835 iu
247 2783 320 2834 huna
336 2781 443 2834 modam
465 2782 601 2834 Gesuorus
622 2779 735 2848 egregie
757 2779 1052 2849 emendaremus.
1104 2781 1109 2788 “

83 2885 143 2919 usus
165 2875 249 2918 autem
273 2867 387 2926 murima
404 2866 507 2933 triplex.
547 2863 595 2916 ubi
619 2863 792 2933 Spaldingius
811 2880 864 2918 non
884 2865 961 2920 iirmo
983 2868 1052 2938 pede

85 2949 194 3002 incedit.

65 3084 68 3092 '
104 3077 154 3136 18.
170 3067 259 3133 Idem
271 3069 427 3147 maxime,
441 3067 530 3155 quod
540 3067 756 3154 potissimum
772 3067 938 3156 significat,
955 3073 1051 3141 etiam

19 3155 101 3242 poni
133 3165 260 3244 potest,
298 3155 427 3240 quando
459 3155 492 3217 iu
517 3154 623 3217 rebus
655 3153 782 3216 incertis
815 3176 873 3218 uec
906 3163 1053 3226 aceurat'e

20 3239 212 3306 definiendis
246 3260 348 3303 unum
379 3237 538 3318 modum,
575 3239 630 3324 qui
656 3249 762 3301 certus
787 3239 930 3322 videtur,
958 3254 1052 3307 tene·
1082 3293 1085 3300 .

18 3347 111 3405 mus,
135 3325 174 3390 ad
199 3324 259 3388 alia
281 3335 448 3389 momenta
471 3345 539 3386 non
561 3324 780 3406 respicientes.
831 3323 918 3390 Tum
944 3329 1052 3415 expli-

19 3411 86 3475 oari
102 3410 222 3499 poterit
240 3421 413 3494 percerte,
432 3409 492 3491 lsed
510 3417 555 3472 est
565 3408 791 3493 potissimum.
834 3409 987 3476 Germani
999 3413 1052 3478 lo-

20 3507 168 3583 quantur
191 3495 413 3580 wenigstens:
440 3491 496 3557 sed
523 3495 620 3556 etiam
654 3491 751 3574 eben,
778 3495 921 3580 gerude.
970 3499 1053 3564 Huic

20 3601 100 3646 vero
118 3580 254 3645 dictioni
270 3577 562 3644 accommodantur
577 3578 738 3664 imprimis
757 3579 906 3644 relativae
922 3594 1066 3652 senten-

19 3667 103 3750 tiae,
125 3674 159 3730 et
177 3664 293 3728 dicitur
308 3665 525 3752 quivmuaime
540 3685 603 3750 pro
620 3663 676 3750 qrri
689 3663 912 3748 potissimum.
1016 3681 1020 3698 ¹

123 3783 339 3850 Plaut.b1en..'r‚
355 3783 381 3848 9,
395 3782 437 3837 58.
457 3791 570 3837 uestrum
588 3782 660 3857 patri
676 3783 732 3850 filii
747 3789 808 3850 quai
822 3787 921 3838 matis?
953 3807 983 3844 m.
1021 3792 1055 3844 Vt

87 3887 153 3922 mmo
169 3868 279 3920 murima
293 3868 414 3933 memini,
431 3861 490 3922 duo.
508 3867 526 3921 i.
541 3885 566 3921 e.
583 3867 630 3920 uie
645 3867 688 3920 iob
694 3869 749 3934 jeai
762 3867 917 3939 meaigsteas
930 3873 998 3926 miob
1013 3891 1054 3926 er-

90 3954 192 4018 iaoere,
211 3951 269 4004 sive
280 3955 335 4019 jeai
352 3953 418 4006 edm.
1123 4017 1126 4024 .

125 4053 239 4121 Quintil.
254 4053 280 4118 5,
296 4051 322 4118 7,
339 4049 382 4106 16.
398 4053 482 4122 abque
494 4053 604 4106 circuitu
618 4055 654 4106 ud
667 4051 697 4106 id
708 4055 852 4123 peruenire,
870 4062 901 4109 ut
920 4055 970 4121 ilii,
988 4057 1060 4124 quad·
1081 4049 1086 4060 '

92 4141 203 4194 mamma
225 4138 309 4194 diuers
330 4136 428 4206 uoluit,
445 4137 565 4192 rideatm
585 4149 739 4210 expressura·
771 4137 883 4197 Sallust.
897 4140 958 4196 Get.
969 4137 1013 4211 83,
1028 4139 1055 4196 ὗ.

683 4219 761 4289 88*
