2738 4730
200 289 264 358 oss
699 275 765 366 IN.-

201 457 204 464 ⁴
300 435 402 492 Florus
417 430 451 500 4,
465 431 501 497 i,
516 429 561 487 14.
581 432 681 485 Brutos
704 449 783 501 quum
800 431 830 484 in
847 429 938 485 Cossio
957 429 1039 486 etiam
1053 446 1130 486 suum
1146 431 1270 504 onimpns

264 524 428 595 perdidisset.
462 517 511 572 ubi
524 516 697 572 Freinshem.
713 521 741 568 ot
760 516 864 568 Duker.

286 662 341 724 82.
365 659 529 722 Amorum
551 661 670 742 postue
696 649 852 738 peculiari
874 648 977 714 modo
1001 653 1127 717 amoris
1152 633 1269 722 offici-

201 765 280 807 nam
304 754 337 809 ct
358 743 531 830 negotium
555 737 764 806 transferunt
785 738 821 802 in
847 737 917 801 eius
939 757 1140 824 personam,
1164 761 1268 825 quem

201 829 276 914 quis
307 840 407 894 amnt.
463 827 500 892 In
529 849 569 892 eo
595 825 683 890 enirn
711 833 841 888 amator
865 823 960 908 quusi
988 822 1134 907 habitat,
1162 826 1198 889 in
1224 847 1266 891 co

200 915 312 979 omnia
337 916 414 1001 ugit.
470 914 583 995 Quare
609 909 746 976 Ovidius
770 908 910 973 Remcd.
935 930 1001 972 om.
1025 914 1100 976 283.
1131 911 1170 975 in
1196 934 1266 999 qua

198 1001 291 1066 mole
307 1001 464 1066 oscineror
479 1003 561 1066 uno.
584 996 674 1084 quod
692 997 801 1060 Dousu
818 994 961 1082 explicet
976 1007 1121 1082 propter
1144 1019 1263 1083 qnam.
1321 1025 1325 1030 ·

148 1095 166 1106 ’“
199 1087 297 1150 Ouid.
314 1087 392 1153 Met.
409 1092 448 1160 7,
465 1091 518 1150 21.
540 1081 622 1172 quid
643 1082 682 1146 in
696 1080 850 1166 hospite,
873 1080 976 1168 regio
1001 1082 1115 1169 virgo,
1138 1079 1284 1148 ureris.'

199 1176 231 1248 8,
248 1174 301 1238 50.
323 1172 446 1237 merito
464 1170 546 1236 deus
563 1168 655 1233 'ursit
670 1167 708 1230 in
731 1166 806 1231 illo.
849 1167 920 1231 Art.
941 1188 1006 1229 sm.
1030 1176 1064 1246 1,
1080 1174 1155 1232 731.
1172 1170 1261 1255 pol-

201 1257 293 1322 lidus
309 1258 347 1321 in
363 1257 489 1344 Lyrice
505 1255 598 1319 silvis
616 1250 757 1318 errabat
777 1251 896 1317 Orion.
937 1251 999 1314 Hic
1017 1263 1085 1316 erut
1104 1275 1182 1319 usus
1200 1278 1262 1318 au-

198 1345 367 1428 tiquorum
402 1339 644 1429 poctarum-in
670 1338 769 1402 rebus
793 1337 981 1402 amatoriis:
1019 1361 1096 1404 nom
1123 1339 1261 1405 Aeoliis

197 1429 297 1494 rebus
325 1428 440 1492 codem
462 1427 557 1490 verbu
586 1445 662 1488 cum
686 1424 869 1486 occusnlivo
895 1444 972 1486 casu
995 1425 1259 1513 componebant,

141 1547 146 1574 ι
198 1513 299 1580 rcluti
318 1514 442 1578 ardere
468 1507 656 1598 inproelic
690 1509 806 1594 virgil.
824 1512 904 1573 Aen.
920 1513 951 1587 2,
971 1513 1045 1577 347.
1088 1512 1153 1576 Sed
1199 1534 1263 1576 oe-

145 1637 148 1646 ,
197 1613 249 1665 tue
265 1601 459 1686 posterioris
475 1597 593 1662 soeculi
611 1596 706 1660 illum
729 1616 824 1658 usum
847 1593 1085 1681 neglexerunt,
1113 1609 1150 1661 ut
1174 1537 1262 1664 hene

114 1717 119 1723 ·
196 1685 385 1751 observavit
400 1685 554 1750 Heinsius
573 1681 613 1746 od
634 1681 731 1744 Ovid.
748 1683 862 1746 Amor.
879 1687 911 1761 2,
931 1685 961 1756 8,
980 1686 1009 1746 9.
1034 1693 1067 1747 ct
1081 1684 1122 1748 nd
1138 1684 1259 1772 Virgil.
1363 1746 1366 1755 ,

196 1775 276 1837 Aen.
295 1777 334 1848 7,
354 1777 428 1838 623.
462 1769 511 1836 Cf.
528 1770 558 1834 T
563 1767 679 1832 urneb.
696 1765 832 1830 Advers.
852 1771 911 1846 19,
929 1771 982 1831 27.
1004 1767 1200 1836 Broukhus.
1217 1769 1262 1834 ad

197 1860 348 1944 Propere.
372 1864 412 1939 ὃ,
437 1861 474 1934 6,
500 1859 553 1954 29.
575 1851 797 1953 Ωυάεηάοτρ.
825 1851 866 1915 od
892 1852 1022 1956 Apulei.
1047 1855 1128 1955 Met.
1152 1880 1188 1944 p.
1205 1861 1261 1920 39.

195 1943 376 2094 {ruffino
401 1941 441 2008 sd
466 1937 608 2023 Quintil.
633 1937 779 2004 Declem.
805 1938 865 2021 15,
891 1941 922 2002 6.
947 1948 980 2004 ct
997 1937 1038 2004 ud
1056 1941 1156 2008 0v1d.
1174 1941 1259 2008 Met.

207 2077 256 2184 ’,ἶ
298 2139 378 2199 ovid.
392 2145 459 2198 Mol.
478 2140 511 2208 6,
524 2141 586 2199 499.
606 2152 635 2198 ot
650 2162 696 2198 rec
721 2145 859 2224 Odrysius,
878 2145 997 2214 womuis
1015 2145 1132 2210 secessit,
1153 2145 1181 2198 in
1206 2148 1258 2202 illc

263 2240 374 2286 oestuot.
408 2232 476 2284 Her.
490 2227 517 2294 4,
535 2229 578 2284 99.
596 2231 723 2297 Propert.
736 2229 763 2292 1,
778 2227 822 2292 1³,
832 2227 865 2284 ,1.
882 2231 1001 2298 perditos
1024 2232 1052 2283 in
1068 2233 1185 2299 quodam
1200 2239 1260 2286 tnr-

263 2318 305 2370 dis
315 2317 454 2387 pallescere
467 2316 537 2368 euris
554 2316 657 2385 incipis.
692 2312 773 2367 0vid.
790 2314 850 2365 Aru.
863 2311 889 2377 ὃ,
904 2311 930 2379 6,
946 2313 991 2368 25.
1025 2317 1138 2370 Inachus
1153 2319 1182 2368 in
1200 2317 1260 2369 Me·
1362 2362 1363 2373 ,

214 2452 217 2459 ,
262 2403 297 2455 lie
317 2401 459 2470 Bithynide
480 2402 607 2472 pallidos.
633 2395 760 2466 Propere.
775 2397 809 2464 2,
832 2396 865 2463 6,
886 2397 912 2456 ii.
936 2400 966 2454 in
987 2417 1039 2468 qno
1061 2402 1174 2470 populus
1195 2403 1260 2455 lusit

263 2487 447 2541 erichthonius.
481 2486 525 2538 ci.
541 2485 738 2538 'ferentrium
754 2480 822 2550 3,5‚
840 2483 882 2536 19.
906 2485 933 2537 in
954 2486 1005 2538 hoo
1027 2493 1169 2556 commotus
1190 2503 1259 2540 uns.

263 2571 312 2625 nbi
325 2571 473 2624 Ruhnken.

296 2672 358 2725 niv.
371 2670 415 2736 39,
430 2669 456 2736 d,
472 2667 499 2722 4.
516 2669 540 2722 si
550 2673 625 2738 forts
639 2669 694 2720 iorn
706 2669 791 2722 satias
808 2668 907 2722 cruoris
926 2670 957 2722 in
974 2687 1054 2724 nsoro
1069 2689 1099 2725 es
1113 2673 1199 2726 molto
1215 2692 1258 2728 co-

259 2757 308 2826 pia
325 2757 440 2825 cepisset·
966 2769 969 2774 ·

219 2931 226 2938 ἱ
245 2921 247 2926 Ι
296 2856 377 2910 osio.
393 2858 459 2911 Met.
475 2853 518 2921 14,
535 2853 594 2908 ste.
615 2857 660 2909 scd
673 2856 702 2908 oi
719 2874 770 2910 non
787 2863 824 2910 est
836 2876 900 2926 opus
914 2860 990 2928 inque
1005 2861 1103 2928 figora
1118 2868 1195 2930 copta
1214 2864 1259 2915 dci

260 2945 380 3016 Nympho
395 2951 442 2997 est.
478 2942 534 3021 Qui
556 2943 583 2994 in
604 2957 805 3008 supervacuum
820 2943 993 3011 existiment,
1013 2945 1143 3015 ignorare
1159 2947 1259 3000 viden-

264 3034 325 3093 tur,
341 3029 406 3098 quid
422 3029 518 3083 deceat
535 3035 653 3100 poetam.
1008 3034 1013 3042 ’

268 3177 275 3192 ,
296 3133 439 3199 Quomodo
460 3133 532 3186 hono
551 3132 699 3185 formulam
722 3131 813 3184 ordcw
832 3131 861 3182 in
887 3132 977 3201 aliquo
998 3133 1154 3202 Wagncrus
1179 3151 1257 3188 corn-

260 3233 361 3286 psrurs
380 3217 499 3286 potuerit
516 3233 579 3270 oum
595 3205 688 3268 verbis
707 3215 816 3285 Virgilii
830 3214 856 3279 8,
871 3213 914 3268 83.
933 3234 984 3298 ego
1003 3219 1069 3270 hanc
1085 3221 1112 3271 in
1129 3221 1256 3289 Daphni-

260 3305 292 3354 de
307 3301 385 3368 (uro)
404 3303 523 3363 hurum,
541 3301 669 3368 equidem
682 3319 735 3353 non
759 3299 904 3369 perspicio.
940 3301 1059 3354 Modius*
1072 3309 1099 3355 et
1120 3305 1254 3357 Heinsius
1367 3323 1368 3373 p

260 3385 288 3438 in
305 3385 434 3454 Culpuru.
451 3383 477 3448 2,
495 3383 538 3437 56.
556 3385 730 3438 scribendum
745 3403 804 3438 csse
827 3387 962 3454 putebant
984 3388 1087 3441 orimur
1102 3391 1130 3440 in
1146 3390 1255 3442 Crotole

256 3485 307 3536 pro
329 3470 461 3522 crotalon.
481 3467 527 3522 hic
542 3469 653 3536 quidem
676 3469 821 3522 immemor
844 3469 887 3522 sui
906 3471 1056 3540 praecepti.
1089 3472 1251 3526 Nemesion.

156 3623 159 3632 Ι
256 3551 283 3617 4,
301 3551 345 3606 66.
366 3567 443 3623 pum
458 3554 495 3606 sic
515 3556 541 3607 in
560 3556 664 3622 Meroen
677 3557 737 3607 totis
756 3557 832 3608 miser
854 3554 961 3625 iguit'us
977 3559 1040 3611 orsi.
1075 3556 1189 3610 Solinus
1208 3559 1254 3612 22.

257 3639 334 3692 nullo
355 3639 396 3692 illi
418 3641 498 3720 dator
511 3641 617 3708 semina
638 3641 761 3708 proprio,
781 3642 825 3694 ssd
840 3658 887 3709 per
904 3642 1089 3699 vicissitudines
1109 3639 1137 3695 iri
1159 3663 1256 3714 poam·

259 3739 365 3791 eumpse
379 3731 519 3778 commotus
535 3725 586 3789 sit,
604 3724 755 3794 censoriam
771 3725 859 3777 sunit.

277 3845 332 3915 33.
369 3845 478 3910 Verbo
539 3843 693 3922 coeundi,
730 3843 961 3930 delinquendi,
1000 3870 1085 3934 quse
1119 3852 1258 3934 quando
1359 3820 1365 3873 l

190 3928 320 3994 molum
354 3929 450 3995 elicui
485 3869 536 3995 iliJ

523 3942 612 3994 olum
649 3940 704 3993 out
734 3929 890 3996 delictum
922 3937 1076 3999 adsersus
1110 3937 1258 4022 aliquem
1357 4002 1364 4027 ,

188 4017 409 4080 commissum
436 4015 638 4103 significant,
664 4016 701 4080 in
724 4038 799 4079 cum
824 4020 1008 4082 accusativo
1034 4022 1258 4088 coniunctum
1359 4072 1364 4083 .

187 4100 336 4180 habeut,
357 4103 639 4192 praepositionem
658 4103 800 4168 oblulivo
823 4105 1038 4193 praemissam
1060 4106 1258 4194 admittunt,
