2712 4738
510 299 638 384 naun.
728 383 729 391 a
1052 317 1090 388 17

29 481 30 500 ³
66 469 159 537 tendi
181 472 248 540 sive
272 470 403 537 cavendi
426 478 582 560 potestas.
630 461 667 534 Id
692 487 769 538 vero
802 467 837 535 in
868 492 905 536 ee
932 469 1086 558 cernitur,

29 607 30 610 ,
66 557 169 642 quod,
188 566 289 644 quum
305 557 396 637 dico,
413 555 546 643 nequid
562 555 622 633 sit,
638 575 707 619 non
724 552 848 642 cogite,
869 554 945 642 quid
961 563 1003 624 sit
1021 579 1085 641 res,
1173 591 1176 604 f

64 643 117 705 sed
140 663 207 706 uon
228 663 295 708 esse
316 661 407 722 eam,
444 660 504 706 nee
526 637 560 704 in
577 640 876 708 considerationem
901 659 979 710 voce
1000 641 1037 711 τό
1057 667 1084 710 τι

62 724 151 807 eluet,
174 727 230 792 sed
252 721 390 792 adelveus

139 849 247 918 Latini
272 851 480 938 negationem
502 865 592 930 earn,
619 866 701 947 quae
719 846 819 936 qualis
840 847 881 916 sit
902 869 954 917 res
978 861 1083 939 negat,

60 931 228 1024 designant
247 936 364 1018 vocatia
380 957 465 1014 nee,
489 937 520 998 et
537 939 694 1018 quoniam
713 933 836 1019 vulgari
849 953 1000 1002 sermone
1016 959 1083 1003 non

59 1027 122 1082 tam
140 1008 303 1088 subtiliter
320 1014 475 1083 rationem
491 1019 687 1117 distinguere
701 1017 824 1094 solent,
849 1021 974 1108 saepius
987 1027 1084 1088 utun-

59 1111 111 1166 tur
126 1122 191 1168 una
207 1105 266 1166 hac
285 1123 362 1169 voce
381 1121 476 1188 quem
495 1105 629 1184 Graeci,
651 1105 708 1190 qui
724 1104 900 1192 sapientius
919 1105 953 1172 iu
970 1099 1030 1170 liae
1049 1129 1085 1174 re

58 1189 276 1258 versatisunt.
318 1189 461 1252 Alteram
476 1203 552 1252 vero
572 1189 719 1276 negandi,
735 1191 898 1254 rationem
921 1190 1085 1257 medalem

55 1271 185 1337 duobus
199 1273 366 1338 vocabulis
387 1273 412 1336 si
435 1268 567 1337 nifieant
580 1296 622 1337 ee
641 1279 672 1354 et
684 1273 797 1338 haud:
818 1273 897 1338 illud
915 1273 950 1338 in
966 1295 1084 1342 caven-

56 1357 117 1433 do,
156 1357 320 1444 optanda,
351 1297 577 1443 probibendo,
605 1359 745 1422 vetando
768 1365 800 1422 et
829 1353 863 1422 in
891 1360 1082 1446 compositis

54 1439 216 1513 vocabulis
247 1440 453 1520 adhibentes,
486 1440 551 1506 boe
584 1449 708 1521 atatem,
747 1449 784 1506 ut
810 1443 1082 1532 qualemcumque
1159 1459 1162 1464 ’

54 1526 289 1592 dubitationem
303 1527 458 1592 reiiciant.
474 1525 482 1532 “
499 1518 606 1612 Haud
622 1527 737 1614 igitur,
759 1527 849 1614 qued
871 1525 910 1609 μὴ
935 1541 999 1610 est,
1014 1535 1081 1596 tie-

52 1623 105 1694 gat
124 1631 194 1680 esse
220 1630 310 1688 rem,
344 1609 512 1696 nequead
535 1631 644 1674 rerum
669 1611 872 1696 qualitatem,
903 1613 958 1677 sed
983 1611 1023 1679 ad
1047 1607 1081 1681 ed

53 1695 129 1762 εἶναι
164 1703 299 1785 spectat.
353 1698 459 1782 Atque
495 1695 588 1761 istius
627 1697 765 1782 rationis
800 1693 1006 1783 quadruplex
1035 1707 1081 1764 est
1123 1709 1126 1724 '

50 1798 145 1862 usus.¹
194 1777 279 1845 Nam
303 1780 398 1844 haud
427 1799 502 1843 eum
522 1776 722 1862 ,nominibus
754 1779 964 1844 coniunctum
994 1783 1081 1847 tollit

48 1865 201 1951 ipsorum
217 1867 406 1929 not-ionem:
433 1861 549 1930 deinde
565 1882 666 1950 quum
682 1858 714 1930 ed
731 1862 807 1930 εἶναι
827 1873 943 1950 neget,
963 1865 1080 1931 distin-

49 1951 131 2014 ctius
154 1961 249 2037 negat
272 1973 339 2016 esse
362 1965 452 2028 rem,
475 1967 629 2036 eamque,
653 1969 734 2037 quae
750 1969 819 2014 non
841 1952 899 2030 ait,
928 1951 1079 2036 negando
1104 1962 1107 1969 '

49 2045 227 2100 asseverat:
256 2041 328 2098 tum
351 2035 487 2122 ponitur
507 2035 541 2098 in
563 2041 650 2099 recta
677 2053 789 2098 rerum
813 2035 1022 2122 oppositione
1047 2044 1079 2100 et

47 2119 114 2202 ibi,
141 2116 198 2182 ubi
221 2121 345 2184 maiore
370 2119 575 2184 distinetione
601 2119 742 2205 aliquam
766 2137 839 2183 rem
864 2119 1006 2186 excludit
1027 2118 1078 2188 vel

44 2209 217 2268 removet:
239 2203 495 2289 deniquevquum
510 2205 650 2269 veritatis
667 2199 841 2268 affirmatio
857 2223 926 2268 nnn
944 2213 1011 2269 iam
1037 2204 1078 2270 ed

45 2307 98 2352 res
109 2326 125 2368 ,-
145 2306 243 2373 quana
259 2289 298 2350 ad
314 2289 506 2352 sententiam
522 2295 553 2352 et
568 2290 757 2372 opinionem
777 2307 850 2352 cum
866 2291 982 2354 maiori
997 2309 1078 2377 pros

45 2371 216 2438 habilitate
231 2372 348 2436 referri
367 2375 492 2458 possit,
515 2372 548 2434 id
566 2371 721 2450 efficitur,
741 2378 778 2436 ut
796 2373 889 2436 liniant
913 2373 993 2437 illud
1008 2393 1077 2438 esse

43 2464 202 2544 negetur,
227 2454 317 2542 qued
332 2475 401 2521 non
421 2475 505 2536 esse,
528 2452 591 2520 nisi
605 2475 641 2519 re
657 2457 746 2542 ipsa,
767 2462 877 2520 tamen
893 2463 979 2520 certe
1004 2461 1077 2544 opi*

43 2545 148 2626 nione
167 2543 312 2607 etenimi
328 2543 537 2628 persuasione
559 2551 706 2612 constat,¹
739 2540 865 2622 Quibus
884 2541 939 2617 fit,
962 2551 997 2604 ut
1015 2562 1075 2606 nos

43 2626 83 2692 ad
101 2625 256 2695 ellectum
273 2627 481 2714 respicientes
505 2627 582 2692 huic
631 2627 780 2691 articulne
803 2625 988 2712 graviorem
1009 2629 1076 2694 vim

39 2714 226 2797 negationis
241 2710 460 2776 adscribamus
479 2718 511 2776 ci
530 2707 561 2776 in
581 2650 730 2798 pibrimis
747 2730 975 2796 agnoscamus,
999 2711 1075 2776 for-⁶

41 2799 108 2861 tius
128 2815 201 2862 eam
216 2815 353 2882 negare:
377 2811 576 2883 quamquam
600 2795 679 2861 hacc
704 2794 713 2858 i
739 2820 772 2859 sa
791 2797 836 2860 vis
859 2793 1077 2882 proficiscitur

40 2901 82 2944 ex
109 2903 149 2947 ea
172 2878 348 2966 particulae
370 2891 503 2958 natura,
529 2900 626 2966 quam
642 2900 699 2944 ino
726 2881 808 2953 alem
824 2876 1076 2946 nominavimus.

39 2961 132 3031 Nam
154 2981 255 3049 quum
276 2963 497 3030 vehementius
523 2983 607 3051 nego
632 2966 752 3056 aliquid
776 2986 862 3046 esse,
886 2965 1073 3052 respondeo

39 3049 234 3138 quaerenti,
258 3053 339 3110 rium
356 3049 397 3110 sit
410 3067 480 3127 res,
500 3064 570 3112 non
587 3045 689 3132 qualis
706 3045 747 3110 sit
762 3063 821 3110 ea.¹

123 3169 174 3240 Ita
191 3169 350 3238 veroium
370 3166 404 3236 in
431 3163 652 3254 antiquissima
672 3164 780 3258 lingua
805 3173 974 3258 previsum
997 3176 1075 3253 erat,

36 3267 73 3322 ut
102 3255 227 3346 duplex
251 3257 398 3324 ratione
422 3257 538 3321 ationis
565 3251 703 3343 proprie
733 3255 891 3320 vocabulo
923 3255 1075 3344 distingui

35 3353 167 3430 posset.
219 3341 283 3408 Sed
305 3362 381 3408 usus
399 3277 470 3407 boe
501 3339 681 3404 subsidium
705 3351 818 3427 postea
841 3347 895 3406 aut
921 3359 1073 3428 spernere

37 3439 94 3492 aut
113 3427 279 3516 negligere
296 3429 413 3514 coepit·
453 3423 538 3491 Nam
554 3442 656 3522 quum
670 3428 787 3491 comici
803 3437 834 3490 et
850 3429 972 3512 antiqui
987 3429 1071 3512 poe'-

35 3523 89 3578 tae
116 3515 212 3577 laeud
236 3509 429 3602 particulam
450 3513 637 3598 saepissime
665 3524 891 3608 usurpassent,
927 3517 1070 3578 oratores
1165 3595 1167 3600 ι
1238 3551 1261 3564 ·«

34 3587 346 3688 aliiqudseriptores
363 3613 510 3679 eamnon
522 3591 738 3678 adhibuerunt
751 3597 813 3660 nisi
827 3597 860 3660 iu
878 3592 1072 3682 quibusdam

34 3683 207 3748 formulis.
248 3680 312 3758 ¹Sie
343 3680 458 3748 Gieere
484 3683 525 3753 in
548 3674 746 3754 erationibus·
779 3677 965 3767 compesuit
995 3696 1071 3744 enm

33 3768 201 3833 adverbiis
225 3767 370 3854 dixitque
392 3759 490 3830 liaud
506 3765 593 3829 seio.-
623 3780 698 3830 eum
720 3761 824 3850 verbis
842 3759 1016 3838 ,connexit
1036 3765 1071 3828 in

33 3852 245 3940 epistoliset
267 3849 301 3916 in
348 3855 432 3917 aucis
456 3844 536 3915 loeis
564 3841 724 3914 librorum
754 3842 1071 3938 philosophicorum.

32 3941 157 4004 Postea
179 3875 381 4026 temporibus
398 3939 633 4024 imperatorum
663 3956 683 4014 a
703 3932 895 4022 quibusdem
926 3936 1072 4000 restituta

32 4035 84 4088 est
109 4023 242 4107 antiqua
260 4021 478 4104 consuetude,
501 4017 568 4084 aliis
593 4023 701 4094 tamen
716 4015 938 4106 renitentibus,
979 4021 1072 4098 Que-

30 4105 222 4256 redfgitur
244 4107 308 4174 hoc
334 4103 526 4174 vocabulum
548 4107 673 4192 saepius
693 4100 784 4194 vapud
804 4101 956 4187 Livium,
972 4117 1073 4166 num·
