2812 4732
247 317 311 384 888
744 303 801 382 IN.

332 467 362 528 S.
384 459 598 526 Recentiores
616 459 796 545 scriptores
811 457 850 524 in
864 468 998 544 tempus
1013 458 1174 524 dixerunt
1188 479 1260 545 pro
1277 461 1315 524 in

247 571 413 642 praesens
429 559 581 632 tempus,
601 545 659 611 aed
673 546 738 627 ita,
758 555 796 610 ut
813 543 864 608 vel
879 545 993 625 breve,
1018 567 1088 608 non
1105 567 1169 631 per
1196 557 1315 610 etuum

145 647 147 653 '
250 649 382 724 tempus
398 632 647 719 intelligeretur,
667 631 719 695 vel
738 630 880 696 oonsilio
893 631 1121 705 terminatum,
1145 567 1205 694 ubi
1227 633 1316 698 Ger-

254 723 345 788 mani
360 716 428 808 jr'ir
452 717 519 783 den
533 715 739 816 Augenblib.
783 717 868 781 Hine
894 717 935 780 de
963 718 1061 781 rebus
1084 739 1154 780 uon
1180 716 1315 782 diutur-

251 810 322 889 nis,
348 804 405 870 sed
425 805 559 868 interim
578 803 751 868 laoiundis.
794 802 999 901 Ambigultas
1016 825 1094 868 vero
1111 802 1175 888 ipsi
1202 805 1316 868 nomi-

252 894 289 960 ni
302 891 463 978 temporis
485 889 598 954 innata
614 887 782 954 interdum
800 889 982 974 permittit,
1006 899 1042 952 ut
1060 887 1205 974 aliquod
1228 901 1314 954 tem-

250 1001 316 1068 pus
332 975 566 1062 intelligamus.
599 975 777 1042 Arusianus
792 973 919 1039 Mersus
935 974 1174 1064 interpretatur
1192 999 1230 1064 p.
1243 978 1315 1041 529.

251 1085 413 1153 processu
429 1073 602 1148 tempores.
645 1059 720 1124 vid.
739 1060 833 1124 Cort.
851 1059 890 1123 ad
907 1060 1031 1125 Lucan.
1050 1067 1079 1142 1,
1098 1064 1173 1124 181.

357 1181 449 1236 Tacit.
465 1181 532 1235 llrrn.
549 1177 576 1245 4,
592 1177 634 1232 bb.
654 1181 724 1250 qaod
739 1199 821 1234 arrum
837 1182 990 1251 urgentiam
1011 1181 1140 1232 malorum
1159 1181 1314 1251 suffugium

322 1270 351 1322 ia
366 1275 466 1338 tempas
481 1274 544 1318 erat.
580 1265 607 1330 1,
622 1263 665 1318 87.
682 1267 760 1318 remit
776 1266 849 1318 miles
865 1267 894 1317 in
909 1273 1006 1334 tempus
1022 1266 1140 1331 conficta.
1177 1265 1205 1331 6,
1223 1267 1267 1317 ll.
1284 1283 1315 1318 ae

321 1355 384 1407 urbs
403 1353 460 1404 rina
479 1352 587 1420 imperio
602 1357 683 1413 erret,
702 1350 731 1401 in
753 1355 854 1418 tempus
873 1351 1054 1420 deligebatur,
1072 1351 1116 1418 qai
1133 1351 1176 1402 iar
1197 1353 1315 1404 redderet

323 1445 349 1493 et
363 1437 454 1490 rabitis
467 1437 618 1488 mederetur.
652 1426 696 1498 14,
711 1432 755 1486 28.
773 1435 869 1505 quippe
883 1431 959 1486 ararit
975 1435 1021 1502 qni
1045 1435 1092 1497 Ga.
1112 1453 1217 1504 quoque
1243 1438 1315 1488 Porn-
1371 1491 1372 1494 ,

318 1524 407 1596 priam
421 1523 569 1589 inauratura
584 1536 604 1570 u
619 1520 762 1572 senioribus
770 1522 888 1592 ferrent,
909 1520 978 1590 qaod
992 1535 1145 1572 marearum
1162 1521 1266 1574 tbeatri
1279 1538 1314 1573 re-
1369 1541 1372 1598 4

322 1609 380 1660 dem
395 1605 537 1674 paraisseta
553 1623 618 1658 nam
633 1611 712 1657 auten
734 1604 868 1656 subitariis
883 1605 1010 1674 partibas
1027 1611 1053 1656 at
1069 1621 1146 1657 roera
1162 1606 1193 1657 ia
1218 1613 1315 1675 tempor

319 1699 421 1746 rtrueta
440 1691 515 1742 ladon
529 1691 572 1741 edi
585 1690 683 1742 solitar.
718 1687 834 1755 Quintil.
850 1688 928 1741 lbeol.
942 1687 1003 1742 246.
1022 1690 1070 1741 boa
1089 1691 1152 1758 qaid
1173 1697 1232 1755 ert,
1251 1690 1314 1759 qaod

322 1784 352 1830 tn
374 1777 413 1828 vir
437 1775 526 1827 uooori
545 1775 572 1826 ia
594 1781 697 1843 tempus
718 1791 861 1836 venenum,
887 1791 937 1841 qno
960 1790 1030 1825 mern
1054 1775 1201 1841 aufertur?
1240 1776 1313 1842 Quae

320 1863 408 1914 verbe
423 1861 581 1927 corruptela
596 1875 650 1910 non
666 1858 803 1910 laborant.
835 1856 1005 1926 intelligitur
1021 1873 1158 1910 venenum
1184 1876 1242 1912 nou
1257 1859 1313 1912 eili-
1371 1877 1372 1934 4

320 1961 371 2000 eux
386 1951 414 1998 et
428 1945 458 1998 in
473 1945 558 1996 breve
574 1948 679 2008 tempu·
697 1957 826 2010 soporem
839 1940 974 1994 iniioienr.
1370 1935 1372 1946 ⁴

277 2081 280 2089 ·
326 2043 329 2050 ’
357 2047 471 2131 Sallust.
488 2045 560 2116 apud
571 2035 737 2104 Arusianuin
756 2061 783 2113 p.
797 2043 858 2099 529.
875 2047 963 2115 itaque
975 2051 1064 2132 eam
1078 2061 1110 2100 er
1125 2047 1248 2113 lieentia,
1267 2055 1308 2101 aat

321 2133 398 2199 odia,
416 2140 464 2202 aut
479 2131 593 2185 atarbio
609 2131 639 2183 ira
657 2139 757 2200 temper
770 2149 864 2185 arsere.

340 2270 371 2334 4.
390 2268 434 2333 In
446 2265 693 2356 praebentium,
711 2266 800 2354 quod
818 2265 860 2329 sit
877 2265 914 2329 in
924 2288 1105 2352 praesens,
1121 2269 1309 2333 criticorum

253 2377 354 2421 nemo
374 2355 518 2442 agnovit,
535 2353 869 2424 donacltoedertinus
888 2351 1076 2439 Syuonym.
1095 2352 1176 2419 Τ.1.
1194 2377 1230 2441 p.
1245 2355 1309 2418 144.

253 2439 340 2508 hane
360 2440 506 2506 formam
530 2441 562 2504 in
589 2441 729 2527 antiquis
753 2438 846 2504 libris
871 2447 1053 2514 servatam,
1076 2460 1138 2503 nee
1163 2441 1310 2526 analogia

255 2527 464 2606 destitutam,
490 2525 652 2592 vindicare
674 2536 813 2590 conatus
842 2533 891 2588 est
914 2524 1000 2610 opud
1026 2524 1132 2590 Tacit.
1158 2528 1239 2612 Agr.
1261 2534 1308 2590 81.

252 2636 315 2678 noa
333 2611 465 2698 integri
480 2623 513 2676 et
527 2610 689 2675 indomiti
705 2623 737 2676 et
754 2611 823 2698 (alii
840 2609 960 2698 etiam)
980 2608 1176 2676 libertatem
1190 2636 1261 2676 non
1275 2613 1308 2676 ia

246 2697 488 2784 praesentium
518 2695 646 2773 latrari,
682 2697 801 2783 primo
840 2695 962 2760 statim
1001 2719 1186 2784 congressu
1225 2697 1311 2762 unde

251 2780 485 2862 (Doederlinus
512 2781 694 2864 eleganter,
730 2781 788 2845 sed
819 2802 887 2844 non
920 2781 1140 2868 probabiliter
1172 2785 1311 2848 coniecit

251 2889 320 2932 uno
335 2865 409 2950 die)
434 2863 672 2948 ostendamus,
701 2889 781 2954 quos
799 2864 866 2930 sibi
883 2865 1075 2932 Caledonia
1100 2870 1191 2932 viros
1215 2893 1310 2958 aepo-

251 2952 370 3018 auerit.
420 2951 549 3034 Quodsi
582 2952 643 3018 alia
671 2952 824 3039 exempla
850 2953 884 3016 in
920 2965 1084 3041 promptu
1109 2966 1241 3039 essent,
1275 2956 1311 3019 de

235 3120 237 3125 .
251 3039 388 3112 veritate
403 3040 582 3104 sententiae
600 3061 783 3126 numquam
800 3037 1036 3104 dubitaremus.

335 3168 366 3233 5.
385 3165 541 3231 Formula
558 3168 596 3230 in
609 3167 838 3252 praeteritum
855 3165 1130 3232 accommodatur
1146 3169 1219 3233 aliis
1239 3192 1311 3234 ver-

180 3255 182 3259 ’
249 3250 301 3315 bis
319 3252 384 3330 ita,
407 3261 445 3314 ut
469 3252 605 3338 intelligi
624 3255 747 3338 possit:
771 3253 860 3340 quod
879 3251 919 3315 ad
938 3254 1156 3339 praeteritum
1177 3257 1312 3322 attinet:

181 3345 187 3353 “
250 3337 307 3401 aed
324 3333 540 3422 intelligimus
562 3336 667 3402 valere
686 3339 719 3400 in
739 3339 952 3426 praeteritum
970 3348 1113 3426 tempus.

353 3454 470 3522 Quintil.
485 3451 511 3518 7,
527 3452 554 3519 4,
572 3455 615 3509 bb.
641 3473 702 3525 quor
719 3458 838 3527 (morer)
850 3466 957 3527 —qnanto
978 3459 1068 3529 magia
1089 3459 1117 3511 in
1136 3461 1312 3529 praeteritura

318 3541 483 3604 hudaoerit,
501 3547 575 3593 tauto
586 3543 695 3606 facilius
708 3545 830 3612 probabit
843 3545 929 3596 morbo
949 3560 1000 3595 erre
1021 3550 1142 3596 mutatos.
1179 3543 1313 3610 2,4,81.

316 3626 345 3678 iu
358 3627 432 3678 rebar
447 3625 640 3694 (quaeritur),
658 3645 696 3680 ara
716 3629 757 3681 lea
769 3629 820 3682 ribi
837 3629 896 3700 ipso
911 3629 1068 3693 consentiat,
1088 3645 1125 3678 au
1140 3628 1169 3680 ia
1190 3638 1311 3699 praeter·

208 3755 211 3761 .
316 3710 383 3762 itam
393 3712 463 3776 ferri
482 3713 583 3766 debeat.

286 3908 290 3916 ,
329 3849 360 3910 6.
386 3845 430 3910 In
442 3819 571 3914 anniam
586 3845 731 3930 intellige
745 3843 795 3909 vel
813 3844 848 3909 in
862 3854 994 3932 tempus
1012 3849 1101 3928 anni,
1117 3849 1239 3934 quovis
1257 3873 1313 3914 an-

244 3951 304 4010 no,
316 3930 480 4034 jcibrlieb,
502 3935 552 3998 vel
569 3933 609 3997 de
625 3931 905 4029 proximonanno,
927 3932 983 4016 qni
998 3935 1164 4020 sequitur:
1190 3936 1233 4002 de
1251 3958 1312 4023 qua
1365 3983 1366 4043 4

145 4080 147 4085 .
244 4037 281 4082 re
296 4017 446 4082 Gronov.
464 4028 497 4082 et
514 4017 682 4084 Drakenb.
701 4015 742 4082 ad
757 4015 828 4082 Lrv.
843 4018 944 4093 4‚'5l‚
963 4022 993 4084 6.

324 4219 325 4223 ,
342 4133 452 4195 Sarma.
466 4135 501 4191 de
518 4138 642 4195 uramm.
657 4135 698 4194 17.
714 4138 835 4193 reatertia
848 4144 949 4194 rutena
963 4139 993 4193 ira
1005 4155 1105 4194 aarum
1121 4141 1233 4211 aceepit.
