2592 4720
195 386 197 396 ,
240 321 304 386 aa
691 309 814 378 iasar.

283 442 285 448 Ι
308 469 373 524 dam
388 461 470 522 eiiam
484 467 512 520 ia
526 481 628 538 graeca
639 465 736 536 lingna
750 461 781 518 si
796 469 823 518 et
838 459 869 518 ii
885 473 1064 515 communem
1085 463 1199 517 habent
1213 417 1271 516 ante

306 573 366 610 ram
386 550 635 606 demonstrativam.
669 551 756 604 Nemo
769 567 821 601 non
842 547 916 600 videt
939 542 1139 601 contractione
1157 567 1210 602 nou
1225 567 1270 616 opu

218 671 221 680 ·
307 655 367 692 esse
379 637 407 690 in
420 637 462 702 iis,
480 634 624 704 quaeipsis
638 635 741 688 haheat
752 631 1054 699 iormsmesplieitsm.
1093 635 1169 686 viae
1183 642 1268 684 unsa

320 789 408 854 Item
434 806 537 874 qnam
563 790 606 852 sit
634 787 863 852 correlativum
888 783 1123 857 vocabulum,
1158 787 1264 850 altera·

238 873 405 938 relationis
422 883 546 960 partem
570 873 621 938 vel
642 895 682 937 ex
706 875 842 938 adverso
867 871 1060 960 oppositam
1086 871 1158 934 sibi
1185 871 1263 941 habet,

239 959 289 1024 vel
317 981 388 1024 enm
419 959 615 1046 cogitatione
646 957 794 1022 substitui
816 958 914 1022 iubet.
965 955 1147 1040 Significat
1176 956 1263 1020 eodem

238 1044 350 1108 modo.
399 1044 482 1108 Nam
508 1045 595 1131 quod
621 1043 695 1108 carm
720 1044 852 1108 Donato
874 1041 929 1106 aiii
948 1042 1171 1126 grammatici
1198 1040 1262 1104 mariti

240 1129 411 1208 dixerunt,
433 1151 501 1192 esse
516 1128 690 1208 similiter,
713 1129 745 1192 id
763 1149 827 1192 non
846 1128 983 1213 quadrat
997 1127 1164 1190 omnino.
1200 1128 1264 1205 Quae

240 1216 327 1278 enim
356 1214 506 1278 similiter
538 1211 644 1294 fiunt,
673 1235 740 1276 non
762 1234 894 1299 semper
915 1211 999 1275 fiunt
1026 1211 1159 1276 eodem
1180 1211 1261 1274 motio.

238 1299 352 1384 Neque
375 1320 452 1361 vero
480 1297 511 1361 id
539 1297 718 1362 obscurum
740 1308 807 1378 est,
843 1319 910 1382 quo
937 1293 1050 1360 differt
1084 1297 1259 1360 vocabulum

239 1385 310 1460 itu,
334 1383 504 1446 alibrariis
521 1393 549 1446 et
572 1406 589 1445 a
613 1382 833 1468 grammaticis
855 1402 951 1466 saepe
974 1402 1053 1443 cum
1080 1380 1171 1446 item
1194 1403 1260 1443 con-

239 1478 413 1532 mutatums
465 1470 537 1546 Qua
563 1466 602 1530 de
625 1489 661 1530 re
684 1467 857 1554 disputavit
878 1468 1095 1530 Hermannus
1122 1470 1160 1530 in
1185 1468 1258 1529 Con-

182 1611 184 1623 ,
209 1571 213 1580 '
239 1563 341 1616 ment.
359 1555 399 1615 de
415 1551 560 1615 Bentleio
577 1575 611 1640 p.
623 1554 672 1616 15.
685 1553 852 1638 inquiens:
877 1551 951 1628 „itu
969 1549 1144 1638 significat
1157 1577 1195 1617 eo
1208 1575 1258 1613 mo·

241 1637 304 1716 cio,
336 1638 417 1701 item
447 1649 553 1700 autern
589 1637 704 1701 eodem
736 1637 846 1701 modo.
898 1636 990 1700 Vnde
1021 1637 1154 1701 simiiia
1185 1657 1256 1722 quun

155 1751 159 1759 ¹
239 1731 491 1810 comparantium
516 1723 734 1786 rectedicitur
748 1723 846 1800 item,
867 1743 934 1784 non
957 1720 1061 1784 etiam
1087 1723 1150 1788 nbi
1174 1745 1257 1786 exen-

238 1803 337 1896 plu-m¹
362 1808 519 1884 afi'ertu'r,
545 1807 823 1894 comprehensum
853 1806 917 1870 iam
950 1807 1007 1880 iis,
1051 1809 1179 1890 quibus
1207 1810 1256 1892 quis

211 1893 514 1976 ‘comprehensum
547 1903 612 1971 est,
644 1903 692 1956 est
715 1893 812 1955 etiarn
835 1891 950 1956 simile.
1000 1891 1069 1954 Cui
1093 1895 1148 1958 rei
1167 1891 1255 1979 signiti-

238 1979 358 2042 eandae
374 1979 424 2041 itu
441 1989 558 2064 aptum¹
570 1983 652 2040 est.“
692 1977 879 2041 Discrimen-
896 1997 983 2054 vero,
1002 1978 1101 2060 quod
1121 1979 1255 2043 Bentleius

231 2085 305 2128 non
330 2063 405 2126 satis
423 2063 642 2126 considerasse
661 2063 745 2125 risus
769 2073 831 2146 cst,
853 2083 921 2126 non
943 2061 978 2124 in
1002 2063 1092 2146 ipsis
1122 2061 1255 2128 vocabulis

189 2172 200 2182 “
232 2157 308 2212 erat
334 2149 455 2226 sitnm,
486 2143 606 2212 sed'in
634 2147 742 2210 forma
766 2146 1079 2234 componendarum
1104 2149 1255 2214 sententia·

237 2253 324 2298 rutn.
365 2233 472 2296 Nemo
500 2233 587 2297 enirn
613 2231 827 2320 reprehendet
850 2250 943 2310 eum,
969 2231 1027 2316 qui
1055 2232 1201 2305 dixerit:
1220 2231 1254 2294 hic

237 2317 339 2384 malas
366 2317 477 2388 scribit
503 2317 647 2381 fabulas:
682 2318 824 2403 itemque
847 2317 983 2381 Phasma
1009 2319 1164 2404 scripsit.
1204 2319 1255 2383 Non

236 2413 343 2492 potest
364 2403 449 2466 enirn
471 2403 550 2466 item
576 2403 654 2488 poni
679 2403 710 2464 in
734 2403 887 2488 exemplo
911 2401 1152 2487 explicationis
1176 2423 1256 2466 caussa

137 2550 138 2556 ,
238 2487 436 2564 adiiciendo,
457 2488 511 2550 sed
529 2497 637 2574 potest
660 2507 723 2550 uua
748 2488 852 2572 atique
879 2507 1027 2552 sescum
1060 2497 1142 2553 toto
1169 2508 1256 2574 genere

238 2573 457 2658 aequiparari,
487 2585 581 2656 atque
604 2571 683 2636 dici:
713 2569 766 2634 hie
791 2583 825 2634 ut
849 2573 948 2635 maias
974 2569 1129 2656 scripsit·
1149 2574 1256 2649 fabulas,

128 2650 133 2674 ¹
236 2657 314 2722 item
333 2657 458 2740 scripsit
481 2653 625 2740 Phasma.
668 2655 834 2720 Differunt
857 2658 953 2743 igitur
974 2653 1029 2718 itta
1059 2657 1216 2724 vocabula
1233 2679 1256 2718 ea

179 2811 180 2816 ἵ
235 2741 379 2812 ratione,
405 2761 465 2824 qua
482 2740 511 2802 is
527 2751 558 2816 et.
576 2739 686 2804 idem.-
706 2741 758 2804 itu
775 2739 887 2805 definit.
902 2741 1067 2819 modum,
1088 2745 1176 2808 item
1192 2743 1256 2809 indi-

234 2836 286 2888 cat
304 2846 404 2888 unum
422 2846 489 2888 esse
504 2847 577 2890 cunr
604 2825 760 2902 modurn,
780 2849 840 2890 nec
863 2827 979 2891 similia
1004 2841 1200 2914 comparat,
1216 2826 1257 2890 sed

235 2909 395 2996 aequatio,
442 2912 598 2974 unitatem
633 2911 832 2975 conditionis
861 2911 912 2975 vel
948 2910 1041 2974 modi
1078 2914 1257 2998 significans.

236 2995 345 3076 Quare
378 3017 474 3082 saepe
511 2995 611 3082 gradu
649 2995 890 3080 distinguuntur
928 2995 968 3062 ad
1008 2998 1257 3062 constituendam

162 3085 164 3109 “
207 3152 209 3158 ,
234 3080 459 3167 aequalitatem
482 3102 611 3158 rerum,
641 3089 672 3143 et
693 3101 775 3165 qtrae
804 3081 882 3145 alias
903 3081 971 3153 itu,
1002 3091 1040 3142 ut
1066 3082 1195 3148 dictum
1215 3091 1257 3153 est,

233 3163 325 3238 fieri,
347 3163 424 3230 alias
442 3175 616 3230 narrantur
633 3163 704 3230 'fieri
721 3166 822 3247 item,
845 3177 880 3230 ut
896 3165 1019 3230 dictum
1036 3177 1101 3232 est.

316 3308 345 3366 1.
376 3301 427 3364 Ex
454 3302 551 3366 altera
572 3313 665 3390 parte
689 3293 890 3369 collocantur
910 3304 1044 3369 reiativa
1067 3317 1127 3386 ut,
1164 3327 1258 3396 φωνη-

214 3383 433 3462 saumonem,
452 3389 569 3457 sicuti,
601 3388 667 3452 sive
690 3411 725 3453 sa
743 3391 960 3477 praecedunt,
974 3390 1049 3456 asise
1076 3405 1257 3477 sequnntur,

230 3480 264 3541 ‘et
279 3483 465 3557 pronomen
482 3473 666 3536 relativum.

331 3591 416 3642 Varro
437 3591 470 3642 de
487 3589 564 3662 Ling.
586 3591 616 3646 L.
637 3589 662 3659 8,
679 3591 722 3647 38.
738 3591 777 3661 (9,
794 3594 850 3662 59.)
875 3596 917 3647 aee·
940 3589 1052 3660 etserai
1074 3600 1190 3652 aornim
1208 3595 1257 3666 quei

297 3689 349 3724 aaa
371 3673 431 3726 item
452 3676 481 3728 iat
502 3677 580 3727 libero
600 3686 687 3730 austra
708 3686 859 3742 transeunt,
889 3680 978 3732 eudem
994 3687 1036 3732 'est
1061 3697 1170 3734 caussa.
1211 3676 1257 3733 utet

295 3761 402 3823 poterat
425 3776 473 3810 noa
494 3761 532 3811 ita
552 3767 598 3812 sats⁴
623 3761 692 3814 illud
715 3769 807 3814 autem
831 3761 968 3830 significat
988 3765 1059 3816 eiciet
1083 3769 1140 3834 aas
1167 3763 1256 3818 arecas

295 3838 394 3903 Weiss,
412 3859 484 3911 ganz
498 3859 536 3893 so·
866 3861 868 3864 ·

328 3939 419 3994 Plaut.
437 3944 534 4012 Amph.
553 3945 578 4010 ὃ,
589 3945 614 4011 3,
627 3943 654 3999 5.
669 3949 776 4016 proinde
789 3947 846 4000 heri
859 3951 889 4000 ai
904 3945 970 4010 sint,
991 3947 1049 4015 ipse
1064 3945 1196 4012 (servus)
1209 3947 1255 3997 uer

277 4025 350 4106 'siu
369 4025 425 4078 cte.
441 4028 523 4080 Acad.
540 4027 678 4096 2‚13,4a.
695 4039 722 4083 nt
741 4031 808 4084 euim
823 4032 856 4082 de
876 4031 987 4082 sensibus
1009 4029 1131 4082 hesterno
1153 4041 1256 4082 sermm

284 4109 405 4191 'vidistin
422 4111 482 4168 item
494 4115 600 4178 socium
614 4115 647 4169 de
659 4115 770 4183 reliquie.
805 4113 839 4166 de
853 4113 921 4200 hog.
934 4111 962 4177 2,
980 4107 1007 4205 ξ,
1019 4109 1065 4164 11.
1082 4130 1148 4184 erga
1164 4121 1196 4167 et
1216 4110 1255 4164 illl
