2592 4720
330 261 538 374 ¹rvn'nr.
573 305 722 374 meur.
890 305 892 313 ⁴
1007 303 1069 394 aas

93 473 154 520 nee‘
175 441 343 517 tueorrectco
364 449 472 514 mistim.
506 439 550 514 iat.
571 461 721 518 Burmann.
742 463 770 514 ‘ot
790 457 975 534 onimium:
993 458 1071 526 utpu-
1110 451 1117 481 ³

94 551 147 605 lei.
163 549 230 602 Met.
243 548 270 600 2.
286 563 313 614 p.
328 545 389 611 1211,
400 543 449 598 ol.
469 547 560 601 iurum
581 561 608 598 re
622 553 651 598 st
672 545 815 610 metueret,
838 545 933 612 effecit.
966 543 1071 599 Floria.
1097 609 1099 614 Ι

80 653 126 704 φ.
143 631 265 699 311111.
284 632 329 684 au
342 632 435 684 iuxtim
447 629 568 684 amatu.
1002 632 1004 636 ’
1062 635 1064 644 ’

30 839 33 849 ,
113 777 148 836 2.
177 759 358 853 Scriptores
381 775 457 853 post
478 765 722 834 Domitianum,
744 773 781 827 ut
807 765 1071 834 coniunctionem
1145 789 1150 806 .

19 875 148 920 rerum
163 851 414 940 significarent,
439 852 592 916 dixerunt
617 849 776 925 iunctim,
798 851 888 935 quod
911 855 970 918 etsi
992 877 1010 916 a
1032 851 1074 916 li·

17 940 154 1004 brariis
177 939 247 1004 iere'
264 948 523 1002 commutaretur
548 958 623 999 oum
644 935 766 998 iuxtim
789 935 1005 1014 (ridoBrant.
1032 936 1073 1000 ad

21 1027 166 1111 Apulei.
182 1025 262 1088 Met.
280 1029 309 1088 2.
329 1045 359 1108 p.
377 1027 447 1088 169.
465 1021 651 1098 Oudend.),
674 1032 784 1084 tamen
799 1030 832 1092 et
849 1042 908 1085 usu
923 1031 954 1084 et
970 1021 1074 1108 sigui·
1131 1089 1134 1097 ¹

23 1107 189 1176 ficarione
207 1106 471 1195 distinguebatur.
513 1107 610 1172 Recte
633 1106 720 1170 enim
743 1107 861 1192 iegitur
882 1105 969 1192 apud
994 1109 1076 1172 Sue·
1129 1150 1152 1160 --

23 1207 104 1260 ton.
133 1195 246 1259 Tiber.
268 1198 300 1257 9.
329 1195 556 1280 magistratus
580 1203 612 1256 ct
638 1191 808 1256 maturius
841 1192 1022 1258 inclinarit
1042 1203 1075 1256 et

21 1303 120 1367 pene
132 1281 274 1344 iunctim
283 1278 505 1363 percucurrit,
524 1287 752 1364 quaesturam,
766 1289 977 1360 praeturam,
994 1291 1084 1342 cau-'

29 1366 200 1428 sulatum.
244 1365 280 1428 lu
307 1363 420 1426 Claud.
443 1364 729 1448 MamertcPaneg.
745 1363 881 1426 Maxim.
902 1372 952 1438 11,
968 1369 998 1427 t.
1021 1384 1077 1427 re-

28 1453 127 1519 stitui
147 1451 260 1514 debet:
285 1471 386 1534 uriam
399 1449 509 1512 iuncti
522 1449 661 1514 sedent!
702 1446 795 1534 Apud
822 1445 961 1512 Gellium
982 1447 1031 1522 1'2,
1046 1452 1078 1513 8.

30 1559 106 1600 nou
122 1535 239 1598 dubito
257 1534 335 1620 quin
352 1534 559 1598 scribendum
579 1533 631 1596 fit:
648 1531 803 1622 sarssuit
819 1545 856 1598 ut
873 1534 968 1620 aprrd
983 1557 1078 1600 eam·
1140 1573 1142 1578 .

33 1621 115 1684 dem
130 1642 286 1686 urerrsam
306 1615 373 1680 ctao
397 1618 451 1682 illi
473 1619 594 1682 iuxtim
616 1617 819 1682 locarentur.
863 1621 987 1708 Apulei.
1005 1621 1078 1684 Me·

34 1704 170 1770 tumst.
193 1729 230 1804 p.
249 1709 319 1778 128,
335 1705 386 1768 40.
416 1703 559 1792 <irimque
581 1703 654 1768 ium
675 1703 817 1787 iunctim
833 1705 1080 1788 proximamus.
1126 1697 1134 1708 ’

35 1791 202 1884 Revocarr
224 1789 361 1852 debebat
378 1789 529 1852 codicum
545 1791 705 1876 scriptura
721 1787 853 1852 iuxtim.

127 1929 160 2014 ⁴¹)
190 1928 487 1992 Commutubantur
520 1927 616 1991 verlra
647 1928 762 2006 iuxta,
799 1927 912 2002 iactu,
951 1927 1080 2004 uruota,
1196 1931 1199 1936 ’
1282 1927 1283 1938 ’

39 2014 169 2078 iuxtim
185 2023 215 2076 et
233 2013 325 2076 uicti.
367 2013 402 2076 lu
426 2013 554 2098 Apulei.
577 2014 657 2077 Met.
673 2019 705 2076 2.
728 2017 990 2100 p.121,31.(p.
1010 2018 1081 2078 116.
1195 2071 1197 2078 .

41 2099 148 2182 oud.)
165 2091 401 2162 restituendum
417 2099 545 2160 videtur
568 2099 664 2162 iuxta
677 2099 863 2182 proximet.
904 2099 954 2162 De
978 2100 1081 2163 vorbis

42 2184 146 2247 iuxta
165 2191 198 2246 et
213 2183 305 2246 iusta
321 2183 527 2246 commutatis
543 2182 710 2248 Drukeub.
728 2183 767 2246 ad
784 2183 852 2270 Lir.
869 2185 899 2262 6,
913 2187 945 2264 6,
965 2188 1015 2250 18.
1113 2191 1114 2198 ’

441 2372 716 2494 L‘rcn'r„
800 2465 803 2468 ,
876 2396 880 2407 ·
966 2483 970 2492 ,

133 2547 278 2613 Verbum
292 2566 413 2622 nicer,
436 2548 525 2634 quod
542 2547 701 2634 significat
715 2549 910 2615 conceditur·
924 2551 990 2617 sive
1006 2575 1086 2617 cou-

48 2655 178 2698 cessum
200 2645 267 2714 est,
300 2635 377 2698 haec
408 2633 521 2698 habuit
544 2633 620 2698 fato.
671 2637 905 2721 Antiquissimo
933 2648 1085 2725 tempore

51 2720 196 2796 verbum,
214 2721 304 2804 quod
322 2730 399 2791 erat,
418 2721 757 2806 coniungsiurturoum
773 2721 1085 2788 infinitivoautcum
1123 2763 1126 2776 ·
1173 2791 1174 2795 ,
1282 2729 1283 2734 ’

52 2805 278 2884 coniunctim,
302 2805 450 2894 praefixo
476 2817 523 2870 ut.
568 2805 631 2869 Sed
653 2803 781 2892 'poterat
798 2807 877 2871 haec
896 2809 1088 2874 coniunctio,

53 2891 161 2954 omitti
178 2901 274 2976 etque
291 2895 352 2956 dici
368 2915 385 2954 a
402 2891 560 2956 Cicerone
585 2891 623 2954 ad
646 2895 711 2958 Au.
729 2899 757 2972 1,
780 2897 828 2956 16.
848 2917 888 2957 ex
907 2915 973 2981 qua
997 2896 1086 2978 (om-

52 2977 157 3054 tione)
179 2975 258 3040 licet
275 2998 393 3062 pericu
417 2975 584 3062 degrrstes.
627 2977 657 3051 5,
683 2985 710 3042 1.
738 2977 880 3062 eclipsi
901 2980 963 3043 icoc
989 2981 1086 3043 uicus

53 3061 149 3140 licet,
175 3061 425 3124 humanitatem
452 3063 485 3126 ei
506 3081 580 3124 meo
601 3059 728 3124 iudicio
751 3062 811 3126 itta
842 3061 898 3126 die
929 3061 1088 3152 defuisse.

55 3147 144 3212 'sum
164 3146 293 3210 veroin
314 3143 501 3224 sententiis,
523 3165 605 3232 quoe
629 3148 841 3211 coniunctim
861 3149 1088 3236 exprimebant
1187 3203 1189 3208 .

58 3229 271 3316 aliquidfieri
286 3253 401 3318 posse,
425 3231 591 3318 interponi
613 3232 724 3318 coepit
746 3233 842 3312 licet,
866 3244 902 3297 ut
925 3235 1089 3322 significa·

57 3327 145 3382 retur
158 3315 209 3396 id,
234 3316 324 3402 quod
340 3315 449 3394 ficret,
472 3315 541 3380 fieri
569 3337 642 3380 cum
659 3319 882 3384 concessione.
925 3319 977 3388 Sic
1001 3321 1087 3409 apud

58 3402 228 3466 Horatium
253 3401 358 3488 Epist.
383 3405 477 3485 1,1o.
507 3401 602 3466 verbs
624 3399 743 3474 tollas,
775 3404 852 3469 lieet
882 3419 1022 3494 possunt
1044 3408 1089 3470 'ita
1128 3475 1130 3484 ¹

60 3488 178 3574 accipi,
200 3497 233 3549 ut
250 3489 474 3552 coniunctivus
490 3507 559 3550 nou
574 3509 614 3550 ex
631 3489 730 3551 verbo
744 3489 985 3576 licet'pendeet.
1029 3493 1090 3557 Vi·-

62 3573 103 3635 de
129 3571 330 3635 Schmidium
358 3573 396 3636 ad
421 3569 453 3644 h,
474 3571 497 3636 l.
541 3573 608 3638 Cio.
632 3573 671 3635 ad
696 3573 1089 3666 Fam.16.21‚4.flrmo

60 3657 340 3743 inconstantique
356 3653 614 3744 animosacias,
638 3657 727 3722 licet.
772 3659 822 3724 Cf.
837 3659 944 3725 Kritz.
960 3661 999 3728 od
1018 3665 1091 3728 Sal-

60 3743 134 3808 lust.
151 3744 218 3806 Cat.
234 3745 286 3822 35,
305 3749 336 3806 2.
382 3749 485 3829 Atque
499 3741 565 3805 hoc
579 3743 678 3806 modo
694 3744 848 3810 inseritur
864 3744 944 3810 adeo
964 3750 999 3814 in
1014 3771 1091 3812 sea·

62 3829 174 3916 tentius
192 3830 409 3908 concessivae,
434 3849 515 3913 quae
530 3851 589 3914 per
607 3829 780 3912 particulas
796 3832 957 3917 quamvis,
981 3857 1092 3920 qrrarr-

63 3913 195 4006 tuurais,
220 3913 241 3974 i.
259 3936 287 3975 e.
308 3936 410 3999 quum
427 3914 493 3988 ris,
511 3925 674 4000 qrruutum
692 3915 758 3994 vis,
776 3917 1029 3982 constituuntur.

161 4031 218 4084 Gir..
235 4031 269 4083 de
285 4033 351 4101 Log.
366 4032 392 4096 3,
409 4032 451 4098 111,
469 4032 511 4086 21.
528 4041 554 4086 et
568 4040 674 4102 praeter·
686 4051 729 4088 eos
749 4036 865 4104 quemme
879 4052 1012 4091 mammes
1025 4040 1093 4091 mut-

126 4123 164 4168 tos
175 4117 249 4182 ticet,
268 4134 344 4184 quam
357 4119 415 4170 deur'
430 4124 562 4192 creentur,
579 4119 717 4172 assuetior
737 4119 768 4172 iu
787 4121 858 4178 amai
879 4119 1001 4174 memoria
1021 4137 1109 4212 repe!
