2812 4732
607 209 663 276 IN.
978 299 980 305 ,
1056 171 1059 178 .
1103 225 1167 286 sm

212 362 354 425 Iustiniau.
373 361 437 416 ost.
452 360 478 426 9,
492 357 518 425 9,
532 359 575 416 81.
597 383 674 432 quum
689 365 729 416 oir
742 365 816 436 dulit
830 366 856 416 ia
868 369 997 430 feminam
1018 372 1081 422 viris
1098 391 1163 442 por·

175 460 319 512 recturam,
346 449 408 515 quid
427 449 549 516 cupiatur
571 450 615 500 att
634 449 707 499 s'esus
725 451 844 518 perdidit
867 453 975 504 locum?
995 453 1013 504 i.
1029 472 1053 506 e.
1078 473 1162 521 quum

175 537 219 588 vir
234 533 313 586 nubit
327 532 414 607 instar
431 532 552 603 feminae
567 549 597 584 so
610 531 677 584 viris
693 534 843 587 dediturus.
872 535 927 588 Sed
944 538 1008 590 (lod.
1023 539 1160 594 Theodos.

174 620 200 685 ll,
215 619 240 672 1.
262 619 296 692 ad
310 617 378 685 lieg.
393 617 445 670 tut.
464 617 498 668 de
514 617 630 670 adulter.
647 618 677 668 in
684 619 790 686 femina
804 620 905 672 nudare.
1063 614 1065 617 ¹

117 795 119 797 ’
188 772 243 836 43.
264 769 518 836 Recentissim'sc
535 768 647 834 aetatis
673 770 850 857 scriptores
868 772 1053 854 arliactivis,
1076 795 1159 860 quae

104 856 295 944 qualitatem
313 855 460 918 hominis
477 855 527 918 vel
543 855 591 920 rei
607 855 770 936 indicant,
793 856 911 921 addere
927 859 1078 923 solebant
1094 882 1160 924 no·

103 965 184 1007 men
204 942 279 1006 cum
296 940 542 1028 praepositione
558 941 613 1018 in,
637 951 674 1003 ut
695 941 935 1026 significarent,
960 966 1060 1030 quem
1079 968 1157 1008 mo-

103 1030 185 1091 dum
210 1029 277 1092 sive
302 1029 444 1114 speciem
464 1029 638 1112 attingeret
660 1025 716 1089 itta
735 1027 885 1112 qualitas.
932 1031 1157 1094 Vid..0uden-

101 1115 201 1201 dorp.
218 1113 257 1177 ad
274 1112 401 1199 Apulei.
426 1111 506 1175 Met.
531 1137 565 1201 p.
581 1117 636 1175 22.
678 1111 749 1175 Nos
775 1113 930 1178 Germani
953 1115 988 1178 id
1013 1115 1154 1180 dicimus

98 1199 263 1263 vocabulo
280 1199 369 1261 nacla
387 1208 464 1284 post
477 1198 716 1261 substantivum
738 1199 860 1286 posito.
906 1201 1038 1266 Veteres
1063 1201 1155 1268 Lati·

99 1286 137 1349 ni
153 1284 330 1350 ablativum
346 1283 473 1347 nudum
490 1291 685 1371 posuerunt.
1129 1307 1138 1314 ·

200 1418 333 1488 Apuleius
347 1420 414 1472 Met.
430 1421 456 1472 1.
474 1435 501 1488 p.
516 1416 577 1486 104,
592 1419 618 1472 2.
644 1435 710 1488 puer
727 1418 755 1471 ic
777 1420 913 1475 mollitiem
939 1421 1042 1474 decorus
1062 1421 1152 1474 imur-

166 1506 218 1574 git.
239 1521 264 1571 p.
279 1505 346 1572 lll,
363 1506 400 1558 2.
414 1515 526 1577 argento
544 1506 585 1562 vel
607 1507 675 1558 vitro
697 1504 813 1557 aemulus
833 1508 867 1581 ¹io
887 1507 1003 1561 colorem.
1023 1506 1042 1558 i.
1060 1524 1086 1560 a.
1104 1509 1166 1561 der'

165 1589 340 1656 Forlevuaclt.
1125 1593 1127 1597 ’

180 1741 233 1804 44.
265 1739 398 1804 Nomen
417 1743 534 1826 portis
558 1763 634 1806 cum
659 1738 907 1828 praepositione
938 1739 976 1802 in
1007 1739 1149 1803 coniun-

94 1833 188 1888 ctum
220 1824 369 1888 eamdem
398 1826 670 1911 significationem
698 1825 833 1890 exhibet
860 1825 1042 1893 accusativo
1074 1847 1149 1888 casu

93 1932 198 1994 quam
216 1909 369 1972 ablativo.
416 1913 527 1990 Quare
547 1913 585 1977 in
599 1924 776 2000 utramque
800 1922 956 1997 purtem,
978 1933 1148 1997 maguam

91 1997 136 2060 in
146 2006 304 2079 purtem,
327 1991 416 2058 idem
435 1997 586 2082 estquod
603 1999 640 2060 in
657 2009 799 2083 utruque
809 2007 934 2080 purte,
958 2017 1091 2081 magna
1109 1996 1148 2060 in

86 2090 218 2167 parte,
241 2078 346 2161 etiam
364 2081 419 2143 ubi
444 2082 580 2146 verbum
606 2104 673 2144 non
699 2103 882 2160 accessum,
904 2103 964 2143 nec
988 2079 1147 2145 effectum

89 2163 267 2250 siguificat.
317 2164 495 2230 Dicebatur
518 2169 614 2231 etiam
648 2167 686 2229 in
709 2177 850 2252 purtem
882 2187 943 2252 pro
968 2189 1009 2228 ex
1045 2177 1145 2250 parte.

90 2253 212 2315 Cicero
240 2250 277 2333 in
301 2272 378 2315 eum
396 2263 539 2338 purtem
563 2253 712 2339 scripsit,
730 2251 798 2315 .ubi
820 2251 1019 2336 posteriores
1044 2253 1081 2314 in
1106 2251 1146 2316 id

86 2337 311 2424 scripsissent.

196 2464 255 2523 ciet
275 2470 310 2523 ad
325 2471 381 2523 All.
397 2469 432 2535 6,
454 2470 497 2525 21.
521 2479 549 2525 te
570 2488 632 2536 oro,
651 2476 695 2534 ut,
720 2470 743 2520 si
765 2469 826 2537 quid
849 2469 899 2522 erit
919 2471 987 2538 quod
1004 2471 1146 2539 perspicius

157 2573 339 2624 quamcumque
361 2556 523 2624 inponam,
542 2573 621 2625 quum
639 2554 791 2623 planissime
812 2557 848 2608 od
862 2572 903 2606 me
920 2556 1023 2606 scribas.
1059 2554 1101 2618 11,
1118 2554 1145 2608 6.

159 2641 295 2691 Brundisii
318 2640 401 2692 iacere
430 2641 459 2692 iu
483 2658 571 2693 omues
595 2648 684 2709 partes
711 2646 750 2696 cst
770 2640 923 2692 molestum*
955 2639 990 2691 ad
1012 2640 1093 2691 Fam.
1115 2637 1142 2704 4,

58 2777 60 2779 ,
148 2722 237 2789 'ltt,3.
262 2723 363 2788 13,1,
380 2721 406 2777 4.
431 2725 544 2794 id-quod
565 2742 622 2777 mea
642 2723 789 2792 intelliges,
810 2730 855 2778 tua
877 2723 978 2775 nullom
995 2724 1024 2774 iu
1040 2732 1143 2793 purtem

155 2810 265 2860 multum
278 2809 411 2873 iuteresse,
432 2810 471 2862 ita
485 2811 550 2861 milri
565 2811 608 2861 des
624 2815 676 2861 eto.
709 2806 799 2859 Vatia.
818 2807 850 2858 ad
869 2806 1041 2874 cic.5,1o,
1060 2807 1101 2862 10.
1117 2816 1142 2862 te

155 2911 222 2963 rogo
237 2919 272 2932 -
289 2911 330 2945 me
345 2895 395 2946 tibi
409 2880 437 2943 iri
450 2910 540 2964 'omnes
553 2901 644 2962 partes
660 2892 848 2957 defendendum
863 2898 945 2958 putes.

190 3011 245 3065 cic.
261 3011 295 3062 de
313 3009 367 3062 Off.
383 3009 409 3073 3,
425 3009 469 3073 23,
485 3006 528 3060 89.
548 3009 575 3060 in
589 3017 727 3076 utramque
745 3015 848 3075 partem
866 3008 993 3075 disputat.
1011 3003 1038 3071 2,
1053 3005 1079 3070 6,
1096 3006 1139 3059 19.

152 3094 180 3158 2,
195 3096 238 3160 12,
253 3093 295 3148 43.
319 3097 353 3147 da
369 3093 514 3147 contrariis
533 3091 672 3159 exemptis.
707 3091 742 3142 de
762 3089 822 3142 Fin.
844 3089 969 3154 3,t,12.
987 3091 1031 3157 qui
1051 3091 1140 3142 omniu

152 3181 189 3232 sic
203 3187 396 3248 exaequarunt,
414 3187 441 3232 ut
455 3181 483 3230 io
497 3186 635 3245 utramque
649 3183 752 3244 partem
767 3175 806 3226 ita
825 3175 903 3241 paria
926 3175 1079 3238 redderent,
1099 3176 1140 3226 uti

152 3266 228 3316 nulla
250 3266 380 3326 selectione
402 3271 557 3316 uterentur..
581 3261 615 3312 de
632 3260 687 3315 Off.
704 3260 736 3324 1,
750 3259 801 3326 23,
817 3257 860 3310 81.
887 3258 1137 3325 constituere,·quid

152 3350 269 3401 accidere
282 3352 365 3418 possit
381 3351 409 3400 iu
428 3356 566 3439 utrampue
576 3353 691 3414 podem.
848 3425 850 3428 y

93 3525 94 3530 ,
169 3434 172 3439 ’
190 3467 247 3520 cte.
261 3469 295 3520 de
312 3467 366 3520 off.
381 3468 407 3532 2,
422 3466 466 3530 13,
479 3432 522 3518 46.
533 3464 665 3533 facillime
683 3471 708 3516 et
727 3463 755 3513 in
778 3463 901 3532 optimam
918 3469 1020 3528 partem
1040 3440 1137 3531 veligito·

119 3548 121 3555 ''
150 3561 255 3605 scantur
278 3555 468 3616 adolescentes,
488 3551 533 3619 qui
550 3567 576 3602 se
599 3549 634 3601 cd
649 3548 732 3600 claros
751 3554 775 3599 et
794 3548 923 3617 sopientes
940 3545 1057 3594 viros-
1076 3564 1137 3597 coc-

150 3638 277 3692 lulcrual.
373 3654 375 3657 ’

183 3754 328 3822 inscriptio
343 3752 415 3819 apud
432 3752 566 3804 Moratur.
581 3745 643 3812 58⁷,
659 3746 687 3799 2.
707 3747 793 3800 Orell.
807 3764 833 3799 n.
850 3744 928 3797 totl.
950 3762 1143 3798 unstrautoat

148 3855 289 3892 rvumcuu
311 3853 342 3888 m
366 3840 485 3888 wasnau
501 3850 605 3887 uotiuis
627 3849 786 3885 inausum.
820 3831 911 3882 Pleut.
928 3831 973 3882 As.
990 3831 1024 3892 3,
1038 3829 1073 3893 3,
1091 3829 1135 3880 89.

147 3925 236 3994 agesis
254 3931 285 3976 tu
301 3924 447 3989 importem
463 3936 529 3972 nuuc
545 3919 600 3972 iam
617 3920 686 3984 huuc
702 3918 803 3971 delude.
820 3914 839 3967 i.
854 3932 878 3967 c.
897 3911 969 3968 suad
987 3912 1089 3985 μέρος,
1106 3912 1134 3965 in

150 4025 229 4063 snam
244 4012 362 4078 partem.
875 4015 879 4021 ·
