3132 4718
329 249 397 311 ιιι
749 207 754 216 ’
807 234 893 302 tt‘t.

401 396 420 449 i.
436 412 461 448 e.
478 409 532 446 non
545 395 649 442 mutnte
673 393 756 450 veste.
791 390 874 450 Goib.
891 389 916 440 1.
934 390 1023 456 aquic
1035 391 1171 459 gnum
1191 390 1290 442 attan
1306 407 1381 442 m

401 482 455 534 ium
469 477 538 528 imeri
553 479 770 526 contemnentem
783 507 792 536 ‚
812 473 849 528 ito
863 479 893 524 nt
907 471 1047 540 rapuerat,
1066 475 1174 530 demisit
1184 525 1186 530 ,
1198 474 1233 528 iu
1251 475 1379 543 gre-iu

368 575 372 599 ⁸
401 563 421 616 i.
436 579 461 614 o.
478 558 584 629 goliinn
600 555 736 610 romulum
751 555 824 608 inuri
843 555 961 607 nondum
975 555 1124 608 dimiserat.
1238 573 1241 576 ·

439 659 638 718 Suetontieib.
651 657 694 754 pn.
711 660 847 730 iugotcttn
861 666 899 714 ert
912 659 950 712 nd
964 660 1054 714 iocum
1062 658 1150 713 Curtii
1167 676 1205 712 ac
1220 661 1331 714 relicte·
1342 661 1378 717 en

289 797 297 808 .
396 751 442 803 inti
455 753 520 800 erat.
1257 759 1260 762 .

420 855 451 914 9.
477 843 639 932 Singulari
667 839 769 906 modo
794 842 875 906 Pom
925 843 995 908 niue
1019 791 1281 931 Metiusurpet
1312 843 1377 906 bunc

339 934 552 1026 perticulam,
581 939 619 993 nt
645 927 724 992 dune
757 949 808 990 res
845 949 882 992 ve
927 931 963 994 in
992 929 1067 993 ioco
1093 927 1144 990 vei
1171 931 1211 993 in
1238 940 1377 1015 tempore

339 1019 515 1104 aequaliter
538 1011 753 1102 procedentes
776 1023 964 1100 componet.
1008 1011 1061 1078 Gi.
1083 1013 1244 1079 Perizon.
1270 1013 1309 1078 in
1325 1014 1377 1079 bii·

340 1105 428 1190 coeii.
443 1103 581 1166 Observ.
601 1098 642 1162 Τ.
658 1102 691 1161 7.
708 1119 743 1183 p.
763 1101 835 1161 170.
852 1138 855 1144 ,
1047 1119 1052 1126 ·

410 1259 414 1266 .
440 1217 536 1285 Pomp·
561 1217 625 1270 Mei.
647 1212 714 1282 1‚4‚
728 1215 754 1268 1.
771 1222 851 1285 utque
865 1216 930 1269 inde
948 1216 1081 1286 procedit,
1098 1215 1159 1278 ito,
1177 1215 1275 1268 media
1289 1215 1377 1286 proed

407 1322 474 1373 pne,
498 1305 527 1355 in
550 1303 617 1372 ingo
636 1309 777 1368 eeenrgene
797 1299 884 1369 pergit
901 1300 1009 1354 incurva
1034 1301 1074 1354 od
1090 1317 1223 1354 occasum.
1260 1301 1297 1365 1,
1314 1299 1376 1364 t‚t

401 1393 465 1455 ibin
481 1387 568 1439 medin
584 1391 657 1436 nocte
669 1386 758 1450 servet
771 1410 821 1447 -‚
832 1385 870 1450 fit
885 1385 939 1436 luce
953 1385 1089 1454 frigidm:
1107 1390 1173 1436 tuuc
1186 1391 1219 1435 nt
1243 1385 1283 1436 eoi
1299 1383 1378 1452 turgt

408 1473 448 1528 ite
463 1469 570 1522 eniiude
579 1469 711 1537 frigidior
729 1485 779 1518 -ι
795 1469 885 1538 prima
898 1475 972 1522 nocte
987 1468 1084 1521 eniidrn
1100 1474 1183 1535 atque
1207 1474 1242 1520 nt
1265 1468 1315 1520 iiic
1328 1485 1377 1536 pre

407 1555 491 1618 cedit,
507 1555 546 1606 ito
564 1551 680 1604 calidior.
1093 1547 1098 1556 ’

425 1680 475 1740 10.
496 1673 533 1737 in
549 1671 603 1736 iiia
617 1692 696 1736 vero
714 1670 922 1758 oppositione
939 1669 1135 1748 verborum,
1157 1690 1270 1758 quum
1296 1675 1345 1738 ita
1356 1683 1379 1736 et

343 1771 380 1826 ut
397 1759 530 1825 relativo
546 1757 632 1837 sint,
656 1759 760 1820 oratio
780 1755 914 1841 obliqua
931 1757 966 1819 in
983 1777 1057 1820 eum
1080 1757 1227 1821 modum
1253 1757 1378 1823 formari
1414 1713 1415 1802 i

154 1876 161 1892 ι
251 1880 269 1922 2
343 1846 446 1927 solet,
475 1855 511 1908 ut
536 1843 672 1906 alterum
697 1841 884 1904 membrum
905 1863 973 1904 non
996 1863 1038 1905 ex
1056 1841 1161 1906 nitere
1188 1844 1379 1928 pendeotet
1415 1817 1416 1894 i

344 1930 552 1995 conjunctivo
565 1929 778 2013 exprimetur,
796 1928 852 1989 sed
869 1935 1044 2011 utrumque
1058 1928 1261 1993 membrum
1279 1952 1379 2015 nequa·
1416 1919 1417 2004 i

343 2013 795 2099 liter-infinitivumrecipiet:
819 2010 859 2073 de
876 2032 939 2094 qun
956 2011 1174 2097 reanptius
1191 2014 1231 2076 in
1242 2015 1378 2080 Gremm·
1417 2023 1418 2096 i

346 2105 420 2165 608.
436 2110 469 2163 et
483 2097 708 2182 Wopkensiue
723 2098 755 2160 in
774 2095 859 2159 Lect.
875 2096 963 2158 Tuli.
980 2119 1013 2182 p.
1029 2101 1101 2160 579.
1118 2099 1249 2176 (est).
1418 2127 1419 2192 p

446 2214 537 2268 Tacit.
554 2211 725 2278 11111111.
743 2213 911 2280 honorificum
935 2217 963 2267 id
979 2215 1100 2268 militibus
1114 2221 1198 2285 sore,
1217 2235 1331 2286 quorun
1342 2221 1380 2285 sc·
1419 2229 1420 2280 t

414 2317 498 2353 norem
513 2305 543 2350 ut
565 2299 707 2368 largitione
721 2304 744 2350 et
760 2298 856 2348 ambitu
872 2299 940 2350 mnie
955 2300 1055 2368 acquiri
1061 2337 1069 2363 ,
1094 2301 1134 2350 ito
1152 2319 1203 2368 per
1219 2303 1307 2354 bonne
1325 2309 1380 2353 crte
1420 2334 1421 2380 p

414 2386 485 2438 baud
501 2385 679 2453 spernendum.
713 2381 780 2434 dnn.
797 2381 822 2444 1,
836 2379 878 2434 12.
898 2381 1021 2434 bootent.
1039 2381 1073 2434 de
1084 2383 1130 2434 Ire
1145 2383 1200 2435 Dei
1215 2381 1246 2437 5.
1267 2387 1334 2452 qnod
1350 2400 1378 2434 ee

414 2453 504 2540 quitur
520 2470 550 2521 de
564 2467 651 2520 ecbola
666 2464 776 2533 Epicuri
791 2471 842 2529 ert,
860 2466 925 2518 cient
939 2467 1009 2518 iram
1021 2466 1049 2516 iu
1070 2469 1117 2520 den
1129 2483 1185 2518 unu
1202 2483 1280 2532 ecee,
1297 2471 1334 2522 ite
1346 2482 1379 2518 ιιι

413 2554 545 2630 gratiam.
578 2551 679 2603 Minue.
693 2549 751 2618 Ful·
767 2545 810 2612 34,
825 2547 851 2601 8.
869 2549 924 2618 quie
940 2551 1101 2602 camerone:
1117 2559 1166 2604 aet
1188 2553 1287 2606 benten
1299 2559 1343 2614 eet,
1359 2555 1380 2602 et

415 2639 512 2690 audeat
527 2651 692 2704 repugnare,
709 2633 837 2685 bominem
856 2651 874 2686 o
892 2633 937 2684 deo
951 2634 1102 2700 ciprinum
1117 2637 1339 2706 potniseefiugi,
1353 2637 1381 2686 tu

415 2736 486 2787 poree
507 2719 588 2770 denuo
608 2715 768 2784 reformari?
809 2715 857 2769 ubi
886 2715 1037 2770 Woweriue
1068 2717 1187 2772 coniecit
1216 2720 1381 2774 scribentium

415 2817 474 2854 eece
489 2794 577 2871 potnit
587 2800 669 2870 fingi.

333 2887 349 2926 ι
435 2929 485 2988 11.
511 2921 575 2988 Sed
589 2943 656 2990 non
670 2919 778 2986 solum
801 2920 969 3007 qualitates
994 2920 1213 2990 conferuntur
1235 2926 1328 2993 inter
1346 2949 1383 3004 se,

353 3028 466 3074 verum
485 3010 580 3094 etiem
596 3029 800 3092 consequens
823 3028 898 3070 cum
922 3027 1040 3070 neusse.
1083 3008 1195 3074 Potest
1221 3015 1315 3078 enim
1336 3013 1384 3075 rii-

355 3093 433 3179 quid
452 3116 518 3158 eese
536 3104 591 3160 out
605 3091 676 3156 fieri
691 3093 763 3170 ita,
784 3102 823 3155 ut
842 3090 931 3156 ciiud
947 3091 1025 3176 quid
1039 3093 1082 3156 eit
1097 3104 1152 3156 eut
1165 3095 1235 3172 fiet.
1287 3100 1385 3178 Quare

318 3232 320 3236 .
353 3190 429 3266 post
445 3179 495 3242 ita
509 3179 654 3264 sequitur
668 3189 705 3240 nt
720 3175 817 3240 fineie
832 3178 898 3242 eive
917 3178 1180 3262 consecutivum,
1205 3206 1269 3264 ue,
1292 3194 1329 3246 nt
1342 3206 1385 3248 ne.

355 3262 519 3350 Significat
535 3273 642 3326 nutem
658 3263 710 3324 itn
727 3261 776 3346 vei
798 3263 836 3326 in
855 3283 930 3326 enm
951 3261 1106 3344 modum,
1128 3267 1178 3331 vei
1201 3279 1385 3354 tantopere.

356 3349 459 3434 Saepe
488 3347 624 3434 intelligi
653 3355 758 3432 potest
783 3369 824 3412 eo
855 3345 1064 3427 conditione,
1098 3369 1141 3414 en
1169 3353 1330 3431 ratione,
1355 3373 1385 3415 eo

356 3433 506 3505 coneilio,
546 3433 629 3495 Cum
644 3431 805 3495 odientivie
821 3441 853 3495 et
869 3432 1026 3496 adverbiis
1042 3442 1073 3496 et
1089 3455 1164 3500 cum
1182 3437 1296 3501 verbis
1314 3459 1387 3501 con·

356 3517 505 3582 iunctum
520 3517 606 3580 idem
621 3516 704 3580 vaiet
719 3516 807 3602 quod
825 3529 915 3581 tam.-
935 3539 1011 3581 nom
1027 3521 1116 3602 quod
1139 3522 1172 3586 in
1193 3533 1272 3586 tam
1292 3523 1387 3586 refer·

357 3612 413 3666 tur
433 3602 471 3667 ed
499 3601 775 3690 magnitudinem,
807 3601 841 3664 in
861 3602 915 3666 ita
944 3602 983 3666 nd
1016 3597 1186 3670 neliobem
1222 3609 1387 3692 qualitatis.

358 3697 440 3774 quae
464 3688 561 3752 etiem
583 3687 840 3774 magnitudinem
864 3686 897 3750 in
923 3709 957 3752 ee
976 3687 1086 3764 habet,
1109 3690 1296 3756 confertur.
1337 3693 1386 3756 iiis

359 3783 498 3859 possunt
513 3795 566 3851 ει.
587 3793 669 3858 quoe
684 3771 829 3835 Kritzius
849 3772 888 3835 nd
906 3771 1032 3836 Suiiuet.
1058 3774 1127 3840 Cot.
1145 3778 1197 3849 14,
1218 3785 1248 3841 1.
1281 3779 1387 3865 diopu-

358 3857 453 3935 tevit‚
475 3856 658 3921 reformari.
702 3857 854 3920 Ceterum
871 3857 941 3934 ita,
963 3857 1051 3942 quod
1076 3860 1259 3926 adnomen
1285 3863 1387 3950 quod·

361 3943 436 4006 dum
462 3943 621 4029 pertinet,
643 3943 675 4008 in
702 3942 800 4028 ultera
823 3952 912 4030 purte
937 3945 1113 4010 tententiae
1135 3957 1247 4035 potest
1270 3949 1387 4036 epponi

239 4079 245 4096 .
291 4027 296 4040 ‘
360 4039 481 4098 etcum
504 4038 540 4092 ut
558 4025 604 4092 vei
621 4038 658 4096 ut
676 4050 718 4093 rie
736 4028 894 4114 copniuri.
