2738 4730
513 329 518 338 ⁸
574 299 632 366 ΙΝ.
1069 311 1134 377 aaa

83 459 163 548 ieet,
195 478 255 523 cor
281 453 345 520 der
363 450 484 518 Hand.
543 452 597 517 Sic
628 451 697 518 fere
718 453 806 520 idem
830 457 932 534 valet,
958 461 1048 546 quod
1077 463 1143 542 in-x

84 546 193 628 terim.
237 542 298 607 Cui
320 540 511 626 loquutioni
534 538 701 604 interdum
731 543 839 607 ironia
869 556 902 610 et
925 543 1135 637 contemptus

85 630 246 702 adhaeret,
267 649 334 713 qno
346 623 552 713 significatur
568 647 630 690 nos
648 627 852 712 acquiescere
862 631 894 694 in
904 631 1019 710 senon
1036 657 1137 724 pror-

8 777 9 780 ,
83 739 135 782 sus
158 713 342 804 probabili,
368 711 506 775 meliora
526 723 762 798 exspectantes.
806 715 881 780 Vid.
902 717 1071 808 Spalding.
1096 721 1137 785 ad
1246 733 1253 740 ‘

85 801 226 884 Quintil.
249 805 282 881 9,
299 800 331 877 4,
348 801 421 861 109.
465 795 607 862 Additur
629 801 895 866 tantummodo:
921 804 1049 880 Deinde
1071 829 1139 893 po-

82 891 175 953 nitur
198 886 245 950 ia·
283 881 458 949 raesents'a
476 883 677 970 proillico,
700 887 832 951 statim.
874 887 917 954 Et
933 911 1021 975 quse
1044 915 1139 957 acce·

83 975 168 1039 dunt
181 975 218 1038 in.
237 909 307 1034 aliis
323 967 481 1056 temporis
498 969 689 1032 nominibus
704 971 899 1055 relationes,
919 978 1017 1040 etiam
1034 978 1067 1042 in
1087 970 1148 1041 his

82 1081 182 1147 saepe
199 1055 356 1135 efficiunt,
374 1061 409 1117 ut
425 1055 681 1144 reddamusjeat
695 1056 798 1120 sciron
815 1059 944 1149 veljezt
959 1073 1038 1126 erst.
1070 1064 1140 1128 De.

84 1147 187 1233 nique
200 1155 256 1207 'res
272 1147 458 1230 praesentes
473 1139 702 1227 intelliguntur
717 1165 896 1230 earumque
915 1148 1082 1224 conditio,
1104 1159 1142 1211 ut

83 1233 127 1296 sit
146 1231 186 1296 in
201 1228 314 1293 diesen
330 1222 370 1290 V
366 1225 568 1303 matricidae,
591 1225 645 1290 bei
655 1231 942 1318 gegenwc'e'rliger
958 1232 1063 1320 Lege
1080 1233 1143 1299 cler
1198 1281 1202 1293 .

83 1317 216 1404 Dinge.
269 1311 413 1394 Quando
437 1333 476 1374 ex
503 1311 640 1376 adverso
668 1315 806 1400 ponitur
833 1317 871 1380 irs
891 1315 1072 1406 futurum,
1105 1320 1144 1384 in

79 1415 277 1490 posterum,
307 1399 345 1462 in
362 1409 587 1484 perpetuum,
618 1397 821 1485 significatur
839 1403 890 1483 id,
916 1405 1004 1490 quod
1029 1415 1084 1468 aut
1108 1407 1145 1468 in
1202 1393 1212 1412 .

84 1488 238 1553 futurum
262 1496 396 1571 lempna
419 1485 540 1568 vergit,
572 1494 628 1547 aut
650 1507 691 1549 ex
718 1490 901 1574 praesentia
924 1491 1060 1572 transit,
1089 1471 1171 1554 autN

84 1598 146 1665 per
162 1583 338 1663 posterum
354 1580 484 1658 tempus
498 1569 667 1658 perdurat.

119 1763 143 1808 '.
192 1727 305 1798 Terent.
321 1723 453 1790 ΑΜΖ,
471 1725 514 1781 la.
540 1743 629 1780 uuum
650 1743 700 1797 ego
716 1746 859 1798 cumptum
882 1731 947 1784 adeo
969 1737 1071 1784 astutus
1090 1732 1146 1798 sui,

157 1816 222 1884 puin
235 1812 361 1883 quidquid
377 1822 494 1881 possem,
511 1812 616 1869 mallem
635 1817 738 1879 auferre
750 1815 838 1881 potius
860 1815 1054 1885 inpraesentia.
1090 1815 1147 1868 Gis.

98 1953 101 1962 ,
157 1900 245 1954 Tusa.
259 1894 373 1962 1,8,14.
391 1897 427 1948 sic
441 1899 509 1950 enim
522 1895 588 1949 milei
602 1897 628 1947 in
641 1899 791 1965 praesentia
804 1903 921 1954 occurrit.
945 1900 1005 1953 biv.
1015 1900 1058 1964 22,
1070 1898 1113 1963 tu,
1121 1897 1148 1953 4.

129 2043 134 2052 ‚
157 1983 287 2050 siquibus
303 1986 444 2050 argentum
459 1983 487 2032 in
502 1981 654 2050 praeseutia
670 1983 781 2047 deesset,
804 1985 919 2038 decadam
934 2003 965 2038 ec
981 1985 1084 2037 aerario
1101 2001 1148 2054 pc-

160 2067 270 2119 cuuiam
285 2073 411 2118 mutuum.
447 2063 522 2117 Plin.
538 2065 607 2117 Pan.
621 2061 671 2130 15,
686 2065 712 2119 ἰι
731 2086 820 2122 uerum
840 2073 905 2122 lsaec
929 2069 1050 2122 alimriu
1070 2087 1151 2138 prcc-

159 2152 249 2204 seutia
270 2151 374 2218 quidem
390 2151 502 2216 quisquis
516 2151 608 2218 paullo
623 2151 744 2204 vetustior
759 2153 847 2219 miles,
872 2155 915 2208 laic
938 2161 966 2209 tc
982 2149 1152 2208 commilitone

106 2283 107 2291 ,
141 2241 289 2290 *censetua
326 2232 383 2286 cic.
399 2233 434 2285 cle
447 2235 507 2286 lnv.
523 2233 549 2299 1,
561 2231 605 2298 26,
621 2231 664 2285 39.
1000 2231 1005 2242 ’

145 2335 147 2342 ’
198 2336 251 2390 (la.
268 2337 387 2406 Magnus
407 2336 441 2390 ad
456 2336 515 2389 (iic.
532 2336 617 2402 8,12.
634 2337 664 2388 G.
682 2356 736 2389 nnn
750 2338 818 2390 enim
835 2367 870 2405 ·.·
888 2339 963 2392 debes
983 2339 1050 2390 illud
1072 2341 1153 2392 solum

158 2423 383 2486 animadvertere,
399 2422 498 2492 quotie
510 2421 790 2492 praeseutia'colsortcs
799 2429 888 2477 contra
901 2431 926 2476 te
940 2424 1037 2475 babent
1047 2424 1154 2487 Cacsar,

160 2511 210 2563 sert
227 2515 340 2578 quantus
354 2507 422 2560 breui
437 2513 549 2575 tempore
563 2508 678 2574 equitum
692 2514 716 2559 et
728 2508 845 2576 peditum
866 2509 953 2578 copias
973 2513 1156 2560 contracturus
1257 2518 1264 2529 ⁴

157 2597 204 2650 sit.
241 2592 381 2660 Sulpicius
398 2591 433 2644 ad
451 2589 509 2644 cto.
523 2588 556 2656 4,
572 2587 607 2657 5,
627 2590 653 2643 2.
681 2610 749 2661 puae
771 2593 800 2645 irs
818 2595 969 2663 praeseutia
998 2594 1027 2645 irc
1048 2599 1156 2644 mentem

112 2703 116 2709 ·
158 2681 232 2736 milri
246 2685 369 2733 smmum
390 2679 493 2730 decrevi
514 2678 582 2732 brevi
602 2678 639 2730 ad
655 2683 680 2731 tc
699 2678 864 2746 perscribere.
899 2678 954 2733 Cic.
971 2677 1056 2730 Taso.
1069 2675 1097 2742 5,
1110 2674 1155 2742 35,

141 2754 223 2822 100.
246 2771 346 2817 uestrae
367 2748 478 2832 quidem’
490 2779 656 2840 cccccccccc
677 2763 761 2814 solum
780 2761 806 2814 ib
827 2765 1053 2833 praeseutia,·sed
1076 2763 1156 2815 etiam

50 2876 55 2882 ·
155 2849 323 2924 pasterodie
338 2849 549 2902 incanduerunt.
571 2847 722 2903 Lambinus
738 2848 917 2916 inpraesenti.
952 2848 1015 2901 niv.
1029 2845 1055 2912 u,
1071 2846 1115 2912 26,
1130 2846 1157 2900 8.

155 2951 261 3008 pacem
275 2933 303 2986 irs
317 2935 483 3001 praeseutia,
502 2949 548 2985 uec
563 2934 603 2986 ita
618 2935 700 2986 multo
711 2939 772 3002 post
787 2933 918 2986 ciuitatem
940 2935 1018 2988 etiam
1033 2933 1159 3001 impetra-

153 3025 263 3076 verunt.
296 3015 329 3082 2,
348 3014 403 3080 la,
425 3015 451 3068 8.
466 3027 523 3070 'uec
545 3018 603 3070 illos
619 3044 656 3055 -
672 3018 806 3086 publicum
826 3017 855 3068 in
877 3017 1029 3086 praesentia
1049 3018 1160 3070 dedecus

133 3118 136 3125 '
156 3103 303 3179 postmodo
319 3101 464 3171 periculum
482 3127 515 3140 -
534 3117 628 3170 cogere
645 3101 732 3170 potuit
752 3102 870 3170 gradum
886 3101 1036 3155 accelerare·
1071 3101 1160 3155 Pollis

159 3192 197 3246 ad
214 3187 278 3243 Cic.
293 3186 336 3252 lu,
352 3184 396 3250 33,
409 3185 434 3238 2.
456 3202 504 3253 quo
520 3184 544 3237 si
559 3185 604 3252 qui
617 3186 751 3237 laetantur
766 3185 794 3236 ia
803 3185 970 3254 praesentia,
988 3184 1075 3238 tamen
1088 3197 1162 3254 post-

158 3276 278 3329 modum
286 3265 553 3324 uecesseestdalearrt.
589 3259 699 3333 itaet,
708 3267 784 3333 2113.
800 3263 946 3322 leuauerunt
961 3271 1070 3322 morlain
1083 3289 1172 3339 prae,

159 3361 258 3414 sentia
275 3359 345 3410 uelut
364 3344 454 3425 corpus
470 3372 596 3424 aegrum,
615 3373 665 3423 pus
680 3373 738 3407 mos
752 3356 779 3406 iu
792 3356 1080 3428 gravioremmorbum
1098 3358 1161 3407 reci-

160 3449 252 3500 deret.
286 3441 330 3506 33,
345 3441 389 3508 lu,
407 3439 449 3494 13.
467 3439 538 3492 Plin.
556 3439 643 3508 Epist.
662 3439 688 3503 3,
702 3439 729 3505 9,
741 3438 785 3491 26.
806 3440 867 3512 unni
882 3435 955 3510 fides
974 3441 1163 3508 inpraesentia

163 3549 229 3595 ecs,
251 3529 344 3597 quibus
356 3527 471 3588 resistit,
488 3526 612 3592 offendit:
631 3524 721 3576 deinde
737 3527 770 3577 ab
789 3525 842 3576 illis
862 3525 926 3593 ipsis
945 3524 1083 3591 suspicitur
1103 3525 1163 3577 lau·

164 3617 312 3682 daturque.
347 3612 411 3665 Alia
424 3609 576 3678 vide‘apnd
589 3609 730 3662 Drakenb.
752 3609 787 3666 acl
801 3608 862 3662 Liv.
877 3605 959 3672 2,.44,
975 3607 1000 3660 2.
1019 3609 1164 3676 opponitur

167 3700 319 3770 aliquando
331 3696 402 3766 spnd
419 3693 475 3746 uic.
491 3684 774 3758 delnr02,58‚'174.
793 3711 892 3764 semper
909 3691 980 3761 apncl
997 3692 1067 3745 Plin.
1079 3693 1164 3760 Epist.
1218 3693 1221 3702 “

108 3771 109 3776 “
167 3786 197 3852 1,
214 3784 245 3848 7,
262 3783 288 3835 3.
312 3798 392 3851 aeque
414 3781 483 3834 cuim
501 3786 635 3848 tantopere
654 3779 720 3832 mibi
738 3779 956 3830 considerandum
970 3786 1023 3842 su,
1040 3779 1104 3846 prid
1111 3781 1166 3831 uir
1186 3765 1191 3775 ⁴

165 3871 291 3942 optimus
304 3867 334 3919 ia
348 3864 498 3935 praeseutia
512 3864 590 3928 uelis,
608 3881 687 3932 quam
705 3864 767 3931 quid
787 3880 883 3932 semper
901 3863 936 3915 sis
947 3864 1112 3930 probaturus.

151 3985 153 3990 ·
208 3970 274 4027 cto.
301 3969 430 4023 ad'Fsm.
450 3965 537 4032 21⁰,
549 3964 576 4019 1.
599 3967 668 4034 pund
688 3967 727 4032 ci,
746 3973 774 4018 ut
795 3982 885 4034 spero,
909 3966 1012 4044 sepem,
1031 3971 1087 4018 tum
1108 3983 1167 4018 cero

69 4097 85 4110 .
168 4060 286 4112 litteras
301 4053 404 4124 publice
422 4053 532 4106 mittam.
564 4051 639 4104 Haec
652 4051 689 4104 ad
700 4058 733 4103 ‚ta
748 4050 778 4102 r'a
791 4050 923 4120 praesenti
943 4050 1050 4118 scripsi,
1064 4056 1096 4100 ut
1110 4067 1168 4118 spc-

167 4157 256 4198 rarcs
277 4145 303 4195 te
324 4137 425 4208 assequi
441 4137 486 4202 iet,
512 4137 582 4208 pund
603 4142 725 4206 amasses.
759 4134 803 4189 lta
827 4139 869 4186 cst
889 4131 964 4191 enim
983 4132 1168 4200 scribendum,

137 4227 222 4306 111.x
389 4245 478 4324 h.
630 4263 631 4269 κ
843 4221 883 4283 19
981 4217 986 4244 ’
