2712 4738
152 293 197 350 ‘o
442 297 448 322 ·
543 274 808 352 ἨΑΟΤΕΝν8.

182 436 306 504 factum
334 440 396 516 sit,
415 449 453 503 ut
474 439 636 524 antiquior
656 437 845 528 significatio
868 448 950 504 esset
975 443 1212 531 metaphorica,

183 543 243 587 neo
267 521 438 610 quisquam
460 531 603 588 veterum
624 525 821 611 scriptorum
841 521 1002 590 haetenus
1026 527 1146 628 diceret
1171 529 1212 595 de

183 609 257 673 loco
273 619 435 672 terrarum
450 618 504 672 aut
519 608 560 672 de
573 611 706 694 regione
725 629 838 674 rerum
854 609 888 672 in
911 609 1024 674 oeulos
1040 613 1213 678 incurren-

184 693 286 774 tium,
306 694 394 780 quod
416 704 526 780 tamen
548 694 583 757 in
606 705 700 759 tenus
722 712 853 780 semper
870 703 937 758 erat
959 693 1095 762 factum.
1145 701 1213 764 Re-

186 777 328 842 centiore
350 789 499 865 tempore
519 777 599 842 baec
625 788 747 842 mutata
770 787 857 841 sunt.
909 779 1119 847 Grammatici
1152 807 1213 848 ex-

72 904 75 908 ·
106 932 107 936 ,
184 863 306 1010 plicarp
332 863 429 930 verbo
456 865 604 952 apposito
627 864 799 950 iuncusque.
838 860 902 927 vid.
934 863 1080 930 Arusiun.
1112 869 1212 934 Mess.

186 971 209 1036 P
269 1037 298 1096 1.
321 1031 409 1118 Ergo
432 1031 496 1094 hoo
518 1027 713 1095 vocabulum
735 1028 964 1111 nisifaetunr,
983 1039 1094 1096 tamen
1119 1053 1211 1098 usur·

178 1125 300 1201 ‘patum
315 1127 488 1204 propterea
506 1137 573 1176 esse
590 1114 731 1188 videtur,
755 1123 791 1176 ut
805 1115 938 1200 proprie
957 1115 1113 1180 indicaret
1133 1137 1212 1205 par·
1231 1157 1234 1160 <

184 1209 251 1262 tem
267 1202 397 1266 alicuius
414 1199 626 1284 expositionis
645 1197 751 1272 finiri,
770 1207 802 1262 et
817 1219 903 1274 eum,
929 1199 984 1284 qui
996 1199 1151 1285 loquitur,
1173 1201 1214 1266 ad

187 1283 263 1349 alias
282 1307 332 1348 res
349 1285 495 1347 transire.
537 1283 597 1347 Est
613 1284 711 1370 igitur
732 1303 834 1431 usapue
855 1282 1005 1347 adhunc
1026 1286 1213 1372 scriptionis

118 1397 120 1400 ·
185 1370 383 1453 terminum,
418 1369 453 1432 in
477 1387 543 1452 quo
565 1369 609 1446 is,
631 1369 688 1453 qui
716 1369 779 1432 sori
803 1368 843 1448 it,
869 1367 1028 1448 subsistit,
1047 1370 1119 1442 ,sive
1141 1393 1214 1436 non

186 1453 271 1516 ultro
287 1473 537 1539 progressurus,
557 1453 624 1516 sive
639 1451 762 1538 reliqua
780 1453 951 1534 omittens,
973 1455 1040 1518 sive
1055 1453 1113 1518 alia
1131 1477 1214 1540 pru-

190 1537 304 1602 denter
320 1538 539 1626 supprimens.
583 1537 660 1618 Quo
680 1555 776 1600 sensu
791 1537 897 1602 Varro
912 1537 952 1602 de
968 1541 1039 1602 Lat.
1056 1539 1092 1601 L.
1111 1543 1141 1621 8,
1158 1545 1213 1606 38·-

188 1632 221 1685 et
249 1623 363 1687 Cicero
395 1621 434 1686 ad
467 1633 596 1712 tempus
629 1619 805 1704 referentes
834 1621 987 1688 dixerunt
1018 1622 1139 1690 adduce.
1171 1625 1214 1690 of.

187 1705 286 1772 Tom.
306 1715 335 1772 1.
357 1730 390 1795 p.
412 1707 480 1772 156.

290 1827 347 1894 cic.
363 1828 439 1882 Iinel.
455 1827 480 1894 t,
493 1824 535 1879 24.
553 1827 672 1882 Ιιαιιιιιιιι
687 1828 751 1882 utut
766 1827 853 1882 uideor
871 1828 903 1880 de
922 1827 1039 1880 απιίιίιία
1057 1830 1119 1898 qnid
1139 1833 1216 1890 senti*

225 1969 226 1974 ,
256 1931 309 1966 rem
329 1913 441 1980 potuisse
466 1912 565 1966 dicere:
589 1913 613 1965 ai
627 1931 679 1982 quo
698 1903 831 1983 praeterea
850 1920 908 1967 suut
926 1939 960 1948 -
976 1913 1047 1964 oredo
1064 1921 1148 1966 autem
1166 1931 1219 1970 ease

255 1999 341 2050 multo
357 2023 391 2037 -
407 1997 441 2048 ab
459 1995 506 2058 iis,
524 1997 697 2062 sioidedc'tnr,
710 1997 767 2066 'pue'
781 1999 831 2048 istu
844 1997 991 2064 disputant,
1013 1999 1158 2066 qnaeritote.
1183 1997 1218 2050 od

252 2081 329 2132 Fam.
343 2079 369 2143 2,
384 2077 410 2144 1,
423 2078 448 2131 3.
474 2079 518 2132 sed
533 2079 564 2131 de
579 2081 668 2134 litteris
684 2083 812 2134 haetenus.
846 2081 903 2133 Noa
918 2082 987 2132 enim
999 2097 1097 2145 vereor,
1122 2098 1153 2133 ne
1166 2099 1218 2134 non

212 2165 219 2188 ⁸
256 2151 386 2234 cerib'eodo
396 2171 421 2216 te
433 2164 557 2232 capream.
593 2163 649 2216 Cic.
666 2163 805 2216 udAnton.
824 2161 852 2216 in
867 2161 952 2230 Epist.
968 2163 1003 2215 ud
1015 2165 1090 2216 Fam.
1102 2163 1143 2226 14,
1155 2165 1198 2217 13.

290 2265 345 2320 cie.
360 2265 436 2318 beot.
450 2262 494 2330 15,
508 2261 552 2316 55.
567 2266 611 2318 sed
625 2266 687 2318 bueo
704 2265 832 2316 boucam.
864 2263 935 2315 Plio.
951 2264 1001 2332 Ep.
1011 2263 1118 2330 3‚14,5.
1131 2282 1219 2327 cemus

167 2334 170 2350 ³
256 2351 321 2404 bueo
339 2351 469 2403 hactenus.
506 2349 575 2414 Quid
593 2355 727 2417 praetereo
739 2347 829 2424 ¹u'oau'?
845 2345 982 2414 Incipiunt
1000 2364 1099 2400 norum
1119 2347 1219 2402 librum

256 2433 403 2500 secundum
419 2433 453 2486 do
466 2433 590 2486 laudibus
604 2431 692 2486 Stilie.
708 2429 871 2484 Claudianus
883 2430 942 2482 bis:
967 2433 1089 2484 hactenns
1103 2439 1233 2496 armatae,

257 2519 354 2570 laudes.
372 2510 404 2570 'et
428 2523 459 2570 ut
482 2523 545 2570 ento
565 2517 709 2586 Heinsium
732 2513 820 2564 visum
843 2519 918 2577 erut,
940 2513 1052 2568 Ovidius
1072 2515 1218 2569 secuudum
1257 2559 1262 2566 ,

255 2599 368 2653 Remed.
385 2615 437 2650 um.
453 2601 493 2666 (v.
507 2587 719 2664 &inducimus
737 2596 853 2648 invidiae
866 2600 1048 2666 rependimus.

291 2697 518 2768 Propriodicitur
533 2697 563 2750 iu
576 2697 710 2766 epistolis,
727 2696 775 2750 nbi
789 2697 1003 2764 caventonem,
1017 2717 1051 2752 ne
1065 2701 1144 2768 pluro
1160 2699 1219 2768 opi-

256 2783 343 2835 siolne
363 2782 577 2854 committentium
595 2781 652 2834 Cic.
670 2781 704 2834 sd
718 2783 794 2833 Fam.
810 2779 836 2845 d,
850 2782 876 2847 2,
887 2781 912 2834 d.
935 2800 1000 2850 quoe
1013 2787 1051 2836 cir
1064 2785 1124 2836 troie
1136 2783 1165 2834 ιἰι
1179 2785 1225 2836 Ιώ

252 2867 345 2934 paucis
363 2865 446 2920 uerbis
463 2866 552 2934 (plura
573 2865 638 2918 euim
658 2865 837 2918 submittenda
859 2867 976 2936 epistolae
997 2885 1049 2919 uon
1070 2867 1175 2930 mont),
1193 2867 1220 2918 si

256 2951 387 3012 attendes,
410 2951 477 3018 quod
495 2950 581 3016 sacis,
596 2949 708 3016 profecto
724 2949 803 3001 etim
822 2949 874 3001 sine
897 2953 959 3004 meio
973 2951 1065 3004 litteris
1078 2939 1222 3020 intellige&

228 3067 230 3072 .
254 3041 281 3086 te
299 3034 398 3101 aliquid
417 3033 523 3100 babere,
542 3032 609 3100 quod
629 3047 712 3109 speres
728 3055 781 3082 ·-.
813 3032 863 3084 Sed
877 3033 940 3087 baec
960 3033 1091 3087 teutonos.
1110 3033 1145 3090 ud
1158 3035 1222 3090 ,Ate

254 3115 298 3181 11,
307 3115 332 3170 4.
352 3116 557 3184 immerserit,
574 3115 729 3182 prodeunte
746 3131 765 3174 ιι,
779 3131 819 3167 rue
831 3116 905 3168 accidi
916 3125 1009 3186 poseat.
1033 3139 1039 3145 .
1138 3143 1140 3150 ,
1235 3139 1238 3154 ι

271 3223 300 3280 2.
331 3216 393 3278 Sed
409 3225 517 3302 potest
529 3217 564 3278 in
584 3213 649 3275 hoe
668 3215 809 3302 termino
833 3215 1219 3304 constituendointelligi
1292 3243 1295 3248 ·

187 3310 337 3385 tompus,
353 3299 404 3363 vel
420 3319 495 3362 oum
511 3298 566 3360 illu
581 3299 934 3371 rerum‘dist'ributioue
953 3303 1108 3388 coniungi
1129 3313 1221 3368 tem·

185 3386 276 3470 poris
297 3383 404 3446 notio.
460 3380 686 3462 Quamobrem
710 3383 835 3461 Varro,
856 3383 1005 3466 'Cicer0,
1043 3387 1096 3450 alii
1119 3395 1218 3475 'proe-

114 3511 120 3515 -
190 3470 257 3532 oisa'
274 3467 479 3554 expositione
503 3466 543 3530 ad
568 3466 656 3529 aliud
683 3478 909 3554 argumentum
933 3481 1134 3536 transeuntes
1157 3492 1221 3559 ap-

170 3559 322 3638 *ponunt‘
334 3551 491 3616 vocabula
504 3573 602 3630 niano,
625 3552 699 3616 ium
713 3571 899 3639 moquuae
918 3557 1060 3640 quidem,
1083 3566 1120 3618 ut
1136 3555 1220 3622 bene

187 3637 319 3715 monuit
334 3634 540 3710 Borriobius,
566 3648 678 3722 aperte
696 3637 838 3702 indicant
854 3640 950 3704 alium
971 3641 1129 3727 temporis
1153 3663 1220 3706 no-

119 3795 123 3802 ,
187 3732 255 3784 tam
271 3721 481 3806 praecessisse
499 3729 530 3784 et
544 3721 635 3807 sequi
650 3720 736 3785 aliud
750 3731 892 3808 tempus.
934 3726 1061 3796 Dicitur
1075 3726 1162 3792 enim
1178 3725 1219 3790 de

189 3806 305 3870 ordine
324 3825 436 3870 rerum
451 3805 657 3891 intempore
674 3809 909 3893 apparentium.
984 3837 986 3844 >

292 3913 506 3980 himmerium,
521 3919 551 3968 ut
568 3916 709 3984 vulgarem
724 3916 881 3970 seutentiam
894 3917 1040 3985 refutaret,
1065 3932 1152 3986 „qnae
1167 3931 1221 3982 res,

255 3998 345 4066 inquit
363 4015 482 4068 pugnam
502 3999 547 4050 vei
568 4015 690 4052 causeum
711 3998 882 4072 iudicialem,
917 4001 962 4052 vel
984 4000 1038 4059 iter
1056 3999 1221 4069 intelligens,

1350 3985 1351 4038 i

159 4139 163 4144 ,
257 4098 338 4152 quum
353 4083 459 4138 nonnisi
472 4083 602 4153 temporis
616 4099 760 4154 progressu
774 4083 836 4138 fieri
849 4074 964 4154 posunt,
980 4083 1091 4152 necubi
1104 4084 1133 4137 in
1149 4090 1220 4140 tem·
1238 4132 1245 4138 .

239 4181 241 4188 ’
1179 4195 1181 4198 ·
1350 4175 1351 4238 i

1350 4239 1351 4284 ι
