2812 4732
241 303 324 402 sus
417 281 421 289 '
456 291 460 304 “
670 289 674 294 “
725 297 781 365 ΙΝ.

309 454 448 510 existimat
462 453 527 508 Aul.
540 451 574 518 4,
589 453 640 518 10,
657 451 701 505 ii.
719 455 773 508 iam
786 471 841 508 esre
854 453 884 506 in
896 453 994 508 carlum
1008 450 1101 506 salutis
1122 470 1163 506 res
1184 453 1299 508 cicietur.

307 541 340 594 lu
364 539 422 593 Cic.
445 557 473 607 p.
496 537 589 606 Quint.
612 537 665 604 30,
687 539 730 592 92.
743 541 890 609 'questam
913 539 1046 592 editiones
1065 537 1186 590 hubent:
1206 557 1240 592 eu
1257 559 1298 592 rer

306 629 374 682 enim
388 643 458 678 nunc
473 627 501 677 in
520 625 657 678 discrimen
676 633 805 679 amentur.
842 625 921 692 Quod
942 625 1011 676 urleo
1031 622 1137 676 invenit
1159 641 1226 676 suos
1248 625 1297 676 de-

306 713 447 764 fensores:
469 714 546 762 tantu
567 714 628 760 crat
650 708 834 777 inopportuna
851 709 1008 762 credulitas.
1041 707 1161 761 Librarii
1186 709 1218 762 iu
1238 711 1296 763 Cic.

240 831 252 846 2
306 797 381 850 Phil
397 792 431 860 5,
448 795 492 852 12.
513 793 680 862 scripserunt
699 796 744 864 qui
759 796 786 846 in
809 796 945 848 exercitam
965 795 1074 846 Antonii
1094 803 1177 846 sunt.-
1204 796 1295 849 critici

192 921 197 928 .
307 881 503 944 defenderunt,
521 897 572 932 nec
585 881 690 932 minore
709 881 882 944 temeritate,
906 897 988 948 qaum
1009 878 1037 931 in
1054 884 1123 932 orsi
1146 897 1174 947 p.
1197 879 1296 935 Scuur.

304 964 338 1031 2,
353 965 397 1018 24.
414 984 463 1036 ogo
487 967 552 1018 nelli
567 967 715 1034 prouinciae
732 983 850 1019 caussam
872 967 901 1018 in
911 966 1072 1035 prouinciam
1093 965 1180 1034 ipsam
1197 984 1295 1036 eogno-

220 1089 224 1109 .
305 1054 427 1104 semaam
448 1052 632 1103 adiacentiam
644 1053 747 1120 putaui.
778 1052 836 1106 Aut
849 1052 1022 1103 accusativus
1045 1065 1143 1115 mous,
1167 1057 1219 1105 aut
1234 1069 1295 1105 ver-

304 1137 372 1190 bum
385 1143 443 1190 crat
457 1135 626 1189 mutandum.

340 1255 432 1312 Pleut.
448 1257 527 1322 capt.
543 1255 569 1320 l,
586 1255 612 1320 1,
627 1252 653 1306 2.
671 1253 803 1306 inroratus
815 1255 882 1306 soleo
897 1270 950 1307 esse
970 1253 1000 1305 in
1016 1256 1168 1308 conuiuium.
1202 1255 1251 1310 ltu
1267 1255 1294 1309 ia

306 1341 385 1392 corlrl.
400 1339 458 1410 legi
482 1339 627 1408 Scioppius
646 1339 739 1390 tradit.
774 1339 830 1391 Sed
852 1345 928 1392 recte
953 1337 1054 1391 (licitur
1077 1341 1167 1392 adesse
1183 1341 1213 1392 in
1238 1361 1294 1394 con-

304 1427 408 1477 uicium.
444 1425 680 1492 Quemadmodum
704 1424 842 1495 traiecto
864 1423 895 1476 Is.
913 1420 976 1476 1225
992 1422 1050 1491 (6),
1065 1422 1083 1476 5
1098 1422 1165 1492 (40).
1184 1443 1294 1494 quorum

306 1511 457 1579 inparium
472 1511 597 1564 memoria
612 1511 729 1575 adfuerit
743 1517 849 1576 nostra,
877 1509 978 1562 Graeci
994 1514 1129 1579 παρεῖναι
1147 1510 1189 1572 εἴς
1207 1530 1247 1565 τι.

338 1614 372 1666 ln
387 1613 442 1666 cic.
459 1613 494 1664 etl
510 1613 564 1665 rltt.
582 1611 633 1676 15,
647 1610 673 1664 4.
698 1619 729 1665 ut
748 1615 840 1665 certior
862 1615 948 1678 fieret,
968 1632 1016 1681 quo
1043 1615 1085 1670 elie
1108 1615 1138 1666 in
1165 1617 1293 1668 Tusculu-

257 1712 265 1734 ·
302 1717 364 1751 num
380 1715 457 1751 essem
466 1699 586 1764 futurus.
601 1717 605 1723 ·
621 1698 787 1764 comparant
804 1695 895 1748 critici
908 1699 937 1748 iu
954 1705 1116 1768 conspectum
1129 1716 1202 1764 esse,
1223 1700 1292 1768 quod

303 1782 415 1834 omuino
436 1782 566 1834 alienum.
602 1781 680 1834 Libri
698 1783 869 1850 Malaspinee
893 1782 1026 1850 praebent
1048 1791 1193 1840 uenturus:
1211 1785 1290 1848 beas,

196 1913 199 1920 .
271 1895 277 1909 ι
303 1867 357 1920 uisi
370 1867 430 1934 quis
445 1866 533 1932 dicat,
552 1865 620 1920 talia
634 1865 702 1918 vitia
715 1881 769 1920 non
785 1866 911 1918 dedecori
928 1885 988 1920 esre
1003 1867 1138 1921 familiari
1161 1869 1291 1934 sermoni,

305 1953 388 2008 sicuti
408 1960 529 2005 nostrum
553 1953 655 2020 vulgas
674 1952 752 2020 loqui
769 1951 910 2032 eudimus:
937 1952 980 2004 iels
1002 1970 1058 2005 war
1081 1953 1154 2005 neele
1177 1954 1290 2026 Leipzig

302 2039 452 2108 gesuorden.

224 2155 227 2167 ¹
321 2139 456 2192 'Narrant
472 2138 500 2190 iu
514 2138 608 2190 Plauti
623 2136 702 2205 apid.
719 2136 745 2202 2,
761 2135 788 2203 2,
802 2134 829 2189 7.
849 2136 923 2206 legis
940 2155 1004 2190 nam
1025 2140 1177 2209 egotam
1201 2143 1289 2197 aurini

207 2269 215 2283 ,
248 2285 249 2290 ,
302 2227 333 2278 in
357 2242 469 2276 umorem
493 2224 601 2275 haerere
623 2222 695 2292 upucl
716 2223 798 2274 nescio
821 2238 898 2289 quum
915 2217 1069 2290 fidicinam.
1111 2224 1148 2278 Ar
1170 2225 1201 2278 ia
1227 2228 1290 2280 edit.

305 2309 392 2381 princ.
408 2307 520 2377 iegitur
542 2325 605 2360 nam
624 2325 674 2377 ego
687 2308 761 2358 illum
782 2307 854 2359 adivi
876 2308 1004 2361 iuniorem
1018 2309 1125 2361 numere
1143 2315 1200 2364 etc.
1236 2313 1289 2365 Τι-

303 2413 366 2450 meu
381 2395 498 2447 verbum
512 2394 619 2446 tuerere
634 2399 708 2445 rectc
722 2409 784 2444 cum
800 2393 956 2445 accusativo
973 2393 1156 2460 componitur.
1191 2397 1287 2462 Linl,

303 2480 415 2548 14,11.
434 2482 540 2532 luerem
560 2479 678 2549 intergu
696 2479 836 2532 Romanus.
873 2477 1010 2531 Ammian.
1032 2479 1121 2534 Marc.
1144 2479 1190 2546 14,
1214 2481 1242 2552 9,
1264 2483 1289 2536 2

306 2569 406 2621 euraclo
415 2566 498 2617 nimiu
512 2565 541 2616 in
552 2565 652 2632 peiores
664 2563 783 2616 haeserat
794 2564 904 2633 plagas.

337 2670 446 2722 Matuta
458 2663 590 2731 cretionis
605 2663 696 2716 forma
715 2669 764 2717 aut
787 2665 893 2735 ellipsis
913 2667 942 2720 iu
964 2685 1062 2722 caussa
1078 2675 1121 2725 ert
1140 2670 1288 2737 interint,

265 2777 279 2805 ·.
303 2757 334 2806 at
347 2750 512 2820 praepositio
536 2765 599 2800 eum
614 2749 772 2802 accusativo
788 2767 853 2803 cusu
873 2759 1060 2820 componatur.
1095 2755 1209 2824 Suetoa.
1235 2759 1288 2812 Ti-

303 2839 363 2890 ber.
391 2834 435 2888 88.
472 2835 585 2903 sequenti
609 2843 735 2903 tempore,
762 2843 949 2904 praeterquam
974 2839 1004 2890 in
1033 2841 1182 2908 propinqua
1212 2845 1289 2912 oppi-

304 2926 356 2989 rla,
392 2927 416 2972 ct
442 2938 519 2986 quum
545 2919 709 2988 longissime,
736 2921 812 2972 Antio
836 2928 931 2985 tenus,
957 2939 1087 2990 nusquam
1110 2926 1189 2992 afuit.
1234 2927 1289 2980 Fa-

304 3006 358 3060 cile
372 3003 552 3073 intelligitur,
573 3021 626 3072 quo
644 3003 724 3056 modo
743 3005 879 3058 vocabule
900 3007 929 3058 iu
945 3008 1043 3076 oppidu
1061 3006 1136 3060 uliud
1159 3011 1287 3076 verbum,

304 3093 376 3164 quorl
388 3089 533 3146 Suetonius
550 3087 652 3154 omisit,
669 3089 819 3157 requirant.
854 3089 911 3142 Cic.
931 3091 966 3142 ad
979 3093 1035 3144 Ars.
1048 3091 1092 3156 12,
1107 3090 1150 3146 87.
1160 3097 1289 3150 *mutim

303 3187 342 3232 eat
361 3179 390 3230 in
414 3177 541 3246 Scapulae
564 3175 712 3236 celebritas,
735 3177 917 3244 propinquitas
935 3185 1088 3244 praeterea,
1110 3179 1154 3230 oti
1176 3182 1231 3245 sis,
1257 3200 1289 3236 ne

237 3293 244 3302 ·
301 3255 480 3316 totum'cliem
502 3260 531 3310 in
550 3259 649 3310 uillam.
688 3257 918 3312 Itineris·nomeu
943 3259 1087 3313 omittitur.
1121 3263 1287 3320 contractae

303 3350 367 3400 sunt
378 3342 501 3396 notiones
524 3341 552 3393 iu
572 3341 665 3393 vorbis
685 3341 746 3393 Lir.
761 3343 786 3407 1,
803 3342 846 3408 18,
862 3343 888 3396 ὃ.
901 3339 984 3412 fama
999 3345 1028 3396 in
1044 3347 1166 3400 Selinos.
1195 3350 1289 3405 Tacit.
1362 3345 1363 3360 ¹

303 3429 372 3482 Aua.
388 3426 430 3492 11,
445 3425 470 3478 6.
480 3431 561 3493 samu
575 3427 604 3478 in
619 3433 739 3494 posteros.
775 3429 869 3481 Varro
884 3428 919 3482 clo
936 3429 979 3482 Re
998 3427 1078 3482 1:88.
1096 3449 1154 3484 eum
1169 3437 1287 3488 murium

302 3516 333 3568 in
350 3513 446 3566 lulellu
460 3512 501 3564 uel
514 3512 541 3562 in
553 3511 659 3579 patinas
673 3511 701 3562 in
713 3512 765 3565 sole
776 3514 873 3582 ponito.
908 3513 966 3568 (lic.
987 3532 1012 3582 p.
1035 3515 1119 3570 rlrclu.
1137 3515 1164 3581 l,
1180 3517 1206 3570 9.
1227 3522 1288 3572 nul-
1361 3563 1362 3566 ,

301 3601 356 3654 lum
379 3599 486 3650 lituram
507 3595 537 3646 in
560 3611 651 3646 nomen
671 3596 705 3648 A.
721 3596 807 3649 Licini
823 3598 925 3650 videtis.
943 3597 961 3650 i.
978 3615 1002 3652 e.
1019 3599 1167 3655 intactam.
1205 3605 1288 3673 Quas

282 3679 520 3750 ,Stireaburgius
544 3684 698 3745 computat,
717 3690 748 3734 ut
769 3681 971 3760 adversativum
985 3683 1215 3753 significationem
1238 3691 1286 3743 cle·

304 3771 410 3832 claret,
425 3784 479 3819 nou
500 3765 712 3834 uptorideutur.
747 3765 807 3818 Non
829 3776 918 3836 potest
934 3769 989 3821 hue
1013 3771 1133 3837 referri,
1151 3774 1226 3845 quod
1245 3777 1286 3828 lc-
1360 3787 1361 3810 i

303 3851 419 3925 gitatin
434 3851 497 3921 lug.
512 3850 538 3916 1,
556 3851 582 3914 2,
598 3849 642 3902 31.
660 3858 686 3911 et
700 3851 761 3918 quia
775 3855 976 3923 magistratibus
991 3859 1140 3925 uespertinis
1159 3862 1287 3928 tempori-

302 3941 348 3992 lus
362 3939 390 3990 iu
409 3938 541 4006 pullicum
562 3953 614 3989 esse
637 3936 813 3990 inconveniens
833 3945 901 3992 erut.
934 3937 1006 3990 Nam
1027 3941 1057 3992 in
1080 3943 1210 4012 publicum
1234 3958 1286 4013 pru

302 4022 433 4080 udrerlrio
449 4021 567 4087 ponitur.

337 4124 400 4181 tris
411 4127 546 4210 ¹reguntur
559 4121 639 4194 verbi
654 4119 770 4180 notione.
802 4126 893 4185 Pluut.
909 4127 981 4188 llud.
1000 4124 1068 4193 a,1,
1085 4126 1112 4185 (i.
1127 4146 1198 4184 auno
1215 4131 1284 4186 olte-

1164 4284 1172 4313 Ι
