2738 4730
511 295 516 303 1
580 269 654 336 ΙΝ..
991 230 995 307 ἶ
1083 271 1149 364 aaa

58 426 60 430 ’
159 431 190 480 el
217 425 329 479 incidere
350 425 381 481 ia
404 441 449 480 aec
472 423 530 478 Cic.
547 423 623 478 Phil.
646 425 679 490 1,
704 422 804 490 8:1⁶.
828 421 920 480 Tacit.
944 424 1012 480 dnn.
1033 423 1084 491 12,
1105 415 1159 500 bd:

147 514 245 566 'Latin
269 511 349 564 Valla
366 509 398 576 3,
413 510 438 564 8.
465 505 523 564 cine
545 529 642 564 causan
663 509 824 580 distinguit,
855 508 907 574 „in
929 526 1083 576 marmore,
1107 510 1151 564 in·

162 591 274 673 quiana,
300 595 404 648 incisae
424 600 487 648 sunt
507 593 635 662 litterae,
658 613 710 648 nou
732 587 765 648 in
789 595 926 648 marmore
950 611 966 646 e
988 595 1101 654 diverso.
1118 595 1147 650 iu

153 697 226 748 ἀπ,
244 701 297 752 non
312 681 341 733 in
357 697 429 732 aare.
442 683 459 710 “
494 681 648 746 Referre-in
670 683 832 744 rationibus,
849 681 877 732 ia
899 681 995 732 cacata
1009 685 1037 733 ct
1057 681 1086 734 ia
1102 700 1150 736 cn-

159 755 257 834 ttonis,
277 769 309 819 in
325 765 448 820 tabulas.-
468 781 550 832 quam
571 751 719 822 dictionem
743 765 867 834 mposuit
888 766 1022 818 Goerenn.
1040 765 1074 818 acl
1093 765 1149 820 Cic.

163 855 197 908 de
211 853 272 905 Fin.
292 849 326 915 5,
348 849 399 918 30,
421 849 464 902 92.
490 844 546 902 Οἰο.
564 868 591 919 q.
607 851 665 903 Pia.
682 845 725 915 33,
744 851 787 904 92.
804 859 834 904 ut
855 859 933 915 earet,
953 853 1021 920 quod
1043 851 1073 902 in
1095 853 1151 904 bari

160 947 324 1008 tropaeorum
339 931 445 988 imcribi
459 935 587 1002 incidique
598 931 703 1004 parret.
727 935 834 988 Gelliuo
852 935 895 1000 11,
908 935 950 999 13,
967 935 992 987 6.
1013 936 1151 988 decemuiri

162 1030 252 1087 autern
277 1019 359 1073 nentri
375 1045 410 1059 -
428 1019 455 1072 ia
475 1007 607 1074 duodecim
629 1015 726 1073 tabulii
746 1021 911 1090 eminuerunt.
947 1019 994 1096 Sic
1016 1020 1102 1074 etiam
1123 1021 1150 1073 in

162 1105 292 1160 cententio
316 1105 411 1157 addere
441 1103 512 1172 apud
537 1092 649 1161 Sallust.
672 1103 731 1160 Cat.
755 1103 808 1170 51,
825 1106 870 1158 21.
900 1111 928 1159 et
950 1105 1151 1171 inuenientium

163 1191 237 1259 apud
259 1189 336 1243 ulios.
377 1187 410 1240 In
429 1187 480 1242 illo
501 1189 627 1259 intellige
651 1190 811 1244 sententiam
838 1191 1023 1256 declaratam,
1048 1189 1082 1258 iu·
1095 1191 1152 1242 lroc

160 1281 253 1328 autem
275 1273 477 1328 declarandam.
521 1273 575 1327 vid.
600 1273 724 1328 Kritniua
745 1275 780 1328 ud
804 1276 915 1328 Sallust.
940 1277 1045 1329 locum:
1074 1274 1152 1330 cuiae

162 1359 218 1411 riri
233 1357 413 1412 subtilitatem
429 1360 557 1426 equidem
582 1378 643 1434 nnn
659 1378 791 1432 assequor
813 1359 842 1414 iu
860 1376 909 1422 en,
937 1361 1009 1428 quod
1032 1361 1066 1414 nd
1087 1363 1150 1430 lug.

161 1433 195 1508 ’4,
218 1444 243 1497 6.
267 1443 404 1497 existimat
432 1443 588 1514 dicineum
612 1447 695 1514 plebio
720 1447 758 1498 vn
781 1444 896 1512 dispersa
922 1445 951 1496 in
974 1447 1152 1501 multitudine·

161 1527 261 1598 Vtique
285 1545 337 1580 non
362 1535 460 1599 potest.
494 1531 550 1584 Sed
572 1547 670 1604 numen
694 1529 867 1583 multitudinis
892 1546 946 1581 non
971 1531 1006 1582 nd
1021 1533 1152 1600 dispereo,
1219 1571 1222 1576 -

161 1615 210 1666 red
226 1613 260 1666 ad
275 1615 362 1668 verba
380 1633 452 1684 quae
464 1621 615 1682 aequantur
625 1617 710 1668 minue
721 1621 822 1684 potant
839 1619 915 1668 recte
931 1615 1088 1668 celerabant
1102 1614 1153 1668 alii
1351 1671 1360 1686 ⁸

164 1697 270 1762 critici,
294 1717 345 1774 nec
366 1701 445 1754 obeat
471 1707 569 1754 natura
587 1699 716 1754 vocabuli
738 1701 861 1768 dispersu.
895 1699 937 1752 Ile
952 1707 1068 1767 utraque
1086 1717 1153 1752 eoa-
1191 1753 1193 1760 .
1232 1703 1233 1706 ’
1335 1689 1337 1694 ’

156 1785 312 1838 astructione
337 1786 485 1838 verborum
507 1787 641 1838 succedere
659 1787 697 1854 ¹in
722 1786 857 1837 consulatu
884 1790 912 1836 et
933 1785 961 1836 in
991 1786 1153 1838 comulatam

162 1869 313 1924 Burmann.
339 1871 379 1924 ad
395 1869 506 1930 Sueten.
530 1872 609 1924 Caes.
629 1855 673 1922 21'.
698 1869 732 1922 de
754 1867 846 1921 verbis
867 1869 989 1940 grassari
1014 1869 1042 1922 in
1065 1871 1153 1940 aliquo
1175 1869 1203 1917 .'

164 1961 193 2008 et
208 1957 236 2007 in
246 1957 362 2024 aliquem
377 1955 532 2008 Benccliur
547 1957 587 2016 adq
596 1957 694 2015 lustin.
708 1955 760 2021 38,
778 1953 811 2020 6,
830 1951 856 2016 1.

198 2059 301 2111 Errant
314 2057 492 2110 vehementer
510 2059 557 2128 qui
575 2060 604 2114 in
620 2062 717 2114 auritio
737 2077 790 2112 esec
811 2076 860 2130 pro
879 2059 978 2112 auxilio
1001 2075 1054 2112 ecce
1079 2055 1153 2131 accis

166 2143 262 2214 plante
289 2148 317 2196 ct
339 2143 410 2210 quad
432 2143 587 2222 lieneclciun
616 2146 651 2198 ad
672 2144 767 2200 lustin.
791 2143 884 2210 5,11.
909 2145 994 2201 affert
1016 2161 1049 2198 cx
1068 2142 1154 2197 Plinii

165 2229 240 2282 flisc.
260 2246 287 2280 u.
303 2226 353 2294 29,
373 2226 406 2296 4,
422 2226 466 2282 24.
482 2229 587 2299 legitur
607 2231 637 2284 in
653 2231 787 2284 auxilium.
822 2229 893 2282 Num
917 2232 1045 2284 ancilium
1068 2229 1153 2282 etiarn

165 2310 341 2384 significabat
355 2315 497 2367 cohortem
514 2314 699 2374 auxiliarium.
726 2321 757 2367 ut
772 2315 843 2382 apud
860 2317 934 2368 Cart.
952 2313 1060 2378 3,1,Β.
1081 2300 1153 2381 apud

166 2397 257 2451 Tacit.
266 2397 338 2450 dnn.
355 2395 381 2464 6,
397 2399 441 2453 31.
460 2399 555 2452 lustin.
576 2397 601 2466 5,
620 2397 723 2465 11,10.
741 2395 816 2450 inco
837 2400 936 2470 proclia
956 2400 1043 2451 decern
1066 2400 1154 2452 millio

168 2483 329 2536 Graecorum
348 2484 378 2535 in
399 2485 498 2537 auritio
521 2485 581 2552 Cyri
597 2489 684 2553 fuere.
719 2483 841 2537 Frontin.
856 2482 888 2548 3,
911 2483 944 2548 9,
966 2483 1009 2536 lu.
1035 2485 1154 2550 Rhodiis,

167 2575 230 2637 qun‘c
246 2570 273 2620 ia
289 2569 385 2622 auxilio
400 2569 521 2624 babebat.
555 2569 582 2634 2,
596 2570 622 2636 i,
637 2569 664 2622 8.
682 2569 709 2634 3,
724 2568 751 2634 3,
766 2569 792 2620 Ἰ.
812 2569 927 2628 Codices
945 2585 962 2622 a
975 2569 1096 2622 librariis
1111 2568 1154 2621 in-

83 2663 86 2666 ·
167 2652 254 2706 docti·
274 2652 432 2720 interpolati
451 2653 479 2707 in
501 2653 535 2719 2,
553 2653 585 2720 3,
601 2655 644 2708 13.
666 2655 811 2708 exhibente
843 2657 956 2715 Gauron
976 2647 1154 2718 Lacedaemb-

167 2739 229 2791 niue
245 2757 323 2808 quom
338 2739 365 2790 in
382 2740 481 2792 ancilia
500 2741 639 2810 Aegyptiis
658 2743 779 2794 adversm
796 2741 890 2792 Parcae
907 2743 1024 2796 voniner.
1057 2741 1089 2793 ld
1111 2746 1154 2793 tu-

168 2839 231 2894 men
246 2821 371 2890 probarit
379 2817 556 2892 Oudendorp.
572 2826 814 2894 udCaea.B.gall.
828 2823 907 2889 3,11.
925 2826 972 2887 ubi
988 2827 1046 2880 cod.
1062 2832 1154 2895 putav.

148 2965 150 2968 ,
167 2907 255 2960 aliia
271 2909 367 2960 ancilia
387 2926 404 2959 a
420 2909 512 2978 Belgio
527 2912 643 2966 arcessiti
659 2911 817 2966 dicebantur.
845 2910 928 2964 etium
948 2914 983 2968 ab
1006 2929 1101 2964 errore
1118 2911 1161 2962 li-·

145 2982 264 3048 'biurii
305 2991 384 3058 Apud
405 2993 520 3044 Florum
542 2992 630 3059 3,3·,
649 2992 691 3046 18.
718 3012 733 3046 e
757 2995 833 3053 codd.
857 2996 1033 3052 restituature
1052 3012 1152 3060 manue,

133 3144 135 3148 .
170 3097 237 3148 quac
259 3079 340 3144 quoni·
356 3079 384 3128 in
406 3079 521 3128 subsidio
544 3077 653 3130 Noricos
677 3079 806 3130 incederat
827 3080 934 3146 Alpium
956 3081 1078 3140 tumulos.
1121 3079 1155 3132 la

136 3149 151 3168 ⁸
170 3164 302 3234 pracsidio
314 3164 410 3221 leubae
426 3147 495 3220 (linit
508 3149 567 3214 val.
583 3163 656 3236 Mun.
675 3163 702 3228 3,
716 3161 742 3226 2,
758 3161 800 3222 12.

186 3283 243 3354 lV.
266 3287 393 3356 Accede
414 3285 452 3349 ed
472 3285 689 3358 accusativum
708 3305 831 3352 casum.
874 3283 914 3348 Ei
931 3285 1156 3371 ‘praeponitur
1190 3293 1191 3300 ’

100 3367 142 3432 in
157 3371 198 3435 ad
221 3382 350 3439 motum
366 3371 597 3450 indicandum,
643 3393 685 3436 uo
701 3391 802 3456 quum
819 3369 915 3440 etiam
933 3370 1034 3440 animi
1049 3373 1156 3437 nebo·
1255 3383 1257 3390 '

1 3529 2 3534 η
99 3476 162 3520 nes
179 3455 349 3548 designare
363 3458 545 3539 soleamus,
567 3395 742 3544 multiplex
760 3459 906 3528 nascitur
924 3477 1012 3528 usus,

162 3651 164 3655 ,
191 3591 220 3649 1.
245 3586 322 3666 Quo
338 3587 370 3649 in
392 3607 452 3650 usu
468 3587 614 3676 primum
642 3582 854 3652 observamus
878 3583 1075 3664 introitum,
1096 3606 1156 3649 ve-

102 3666 166 3732 luti
189 3670 335 3736 introire
358 3673 401 3735 ia·
419 3671 572 3740 alienam
596 3663 735 3740 domnam
755 3671 859 3741 Plaut.
886 3669 957 3741 Mil,
979 3671 1018 3748 4,
1042 3673 1081 3752 4,
1103 3677 1156 3737 32.

106 3753 172 3818 Vbi
189 3777 266 3820 vero
281 3757 362 3821 hnco
379 3757 470 3821 notio
489 3757 589 3822 verbo
609 3757 685 3826 satis
701 3757 901 3832 declaratur,
929 3758 1028 3824 etium
1046 3756 1156 3826 omitti

103 3843 229 3927 poterit
248 3845 459 3929 praepositio.
496 3843 602 3908 Latini
620 3853 743 3909 veteres
759 3852 872 3908 tumen
887 3843 1068 3923 amiserunt
1085 3863 1157 3904 eam

98 3937 237 3992 tantum
254 3929 287 3996 iu
305 3929 496 3998 nominibus
512 3927 644 3999 urbium
662 3939 694 3994 et
715 3929 748 3992 in
766 3927 956 3995 numinibus
981 3925 1100 3998 domnoc
1125 3935 1157 3989 et
1196 3969 1198 3975 ι

103 4035 185 4092 rnre,
210 4015 344 4100 quaudo
360 4037 429 4078 non
445 4014 575 4089 locam,
597 4015 654 4082 sed
673 4012 857 4079 aedilicium
879 4024 909 4078 et
925 4013 1036 4084 nillum
1053 4011 1157 4098 signi-

104 4097 264 4170 fioabanl.
307 4099 392 4173 Nam
409 4101 481 4194 ipsa
496 4099 633 4166 uomina
649 4099 855 4188 oppidorum
871 4100 899 4166 ci
916 4121 977 4189 pro
994 4097 1076 4162 lucie
1098 4119 1156 4162 ac·
