2712 4738
231 229 271 338 ιε’
677 265 807 332 aava.

230 428 264 484 et
281 415 369 482 arrd:
385 434 469 480 nam
494 411 648 498 aspiratio
664 434 740 480 cam
764 414 839 501 ipso
856 411 1018 478 vocabolo
1034 423 1108 482 nate
1124 437 1195 482 esse
1213 401 1265 483 sl—

232 504 339 568 detar.
390 502 445 564 Au
475 499 582 575 enim,
621 500 718 564 etiam
743 521 819 572 cnm
844 499 1057 586 aspiratione,
1085 502 1119 564 in
1153 501 1265 566 multis

206 589 338 662 *serbis
353 606 431 650 exe
449 593 610 648 mutatum
626 595 684 648 est.
726 584 780 648 Sic
805 577 888 648 tta
912 579 1036 648 facturn
1062 594 1112 648 est
1130 586 1265 662 Isauria,

164 679 167 686 '
229 673 330 757 γαθέω
343 667 499 755 gaudeo,
525 668 803 752 quemadmodum
821 665 950 750 accipet
972 663 1069 752 αὐτὰρ
1094 668 1266 734 alternant.

230 759 274 824 Et
289 753 471 840 comparari
489 765 626 838 possunt
644 749 682 834 ci,
703 751 795 834 ἄνευ,
817 775 881 817 aue
897 753 1035 836 (olma),
1055 774 1114 816 aar.
1156 751 1265 820 Nemo

230 863 310 907 vero
327 837 483 904 dubitabit
498 837 538 901 de
554 839 679 902 adiecta
692 837 801 902 littera
817 837 862 917 d,
883 859 966 922 quae
982 839 1092 901 eadem
1108 849 1217 904 exstat
1232 842 1265 904 in

230 925 309 1001 sed,
341 921 464 1008 aptast,
486 945 506 985 s
537 923 648 986 multis
677 945 738 1009 per
759 934 773 986 t
794 943 964 1010 expressa,
1001 921 1083 986 Eam
1103 943 1180 988 vero
1207 946 1268 988 ex·

230 1012 389 1078 trinsecus
399 1007 576 1087 accessisse,
591 1017 756 1072 monstrat
770 1008 909 1088 vulgaris
925 1005 1164 1093 pronuntiatio,
1180 1031 1265 1094 quae

232 1095 356 1160 omittit
378 1091 531 1156 litteram.
572 1091 703 1156 Gruteri
722 1088 873 1180 inscript.
896 1113 928 1175 p.
941 1089 1022 1164 769,
1036 1093 1069 1154 9.
1097 1107 1179 1155 Herc
1202 1111 1266 1157 aar

193 1231 195 1250 .
231 1195 439 1246 servacsvn
455 1193 529 1239 nav
543 1191 735 1240 evacuaris
751 1193 934 1241 evacuans
951 1191 1115 1240 sansana.
1158 1174 1265 1264 Vulgo

231 1263 369 1329 barreio
386 1259 553 1322 dictumst
569 1263 729 1346 scripturn
747 1284 816 1326 esse
833 1269 944 1324 narrat
960 1259 1096 1324 Phocas.
1120 1253 1266 1327 Pruden-

231 1351 331 1412 tiores
347 1343 549 1432 grammatici
563 1355 736 1430 utramque
751 1345 895 1410 formam
909 1343 1007 1408 laaud
1029 1353 1062 1406 et
1078 1343 1164 1408 liaris
1185 1367 1267 1430 pro·

232 1434 326 1497 basse
352 1429 519 1506 videntur:
542 1429 726 1493 subtiliores
750 1441 858 1494 autem
883 1429 988 1516 legem
1012 1439 1210 1512 posuerunt,
1232 1442 1267 1493 ut

230 1517 255 1581 d
277 1526 351 1580 ante
372 1513 535 1590 vocalem,
553 1524 569 1576 -t
591 1524 667 1579 ante
694 1525 932 1579 consonantem
958 1512 1160 1580 scriberetur.
1203 1515 1268 1578 Sed

230 1601 334 1666 Latini
350 1620 409 1662 nec
426 1599 694 1685 pronuntiatione
710 1601 860 1664 videntur
876 1599 935 1662 lias
959 1599 1081 1663 litteras
1098 1598 1267 1664 distinxis-

232 1710 286 1765 se,
316 1684 438 1772 quippe
461 1683 595 1770 quaein
616 1684 884 1772 inscriptionibus
907 1683 1093 1770 saepissime
1116 1706 1266 1749 commu-

231 1781 318 1836 tatae
338 1770 420 1848 sint,
440 1791 502 1846 noc
528 1767 701 1833 scribendo
718 1769 915 1866 expressisse
930 1779 1128 1832 constanter.
1172 1769 1267 1835 Certe

190 1891 193 1898 v
232 1855 453 1920 demonstrari
471 1875 538 1918 uon
562 1855 683 1940 poterit
704 1855 922 1940 antrquiorem
945 1851 1045 1918 fuisse
1059 1853 1266 1940 ‘scripturam

231 1941 357 2008 litterae
379 1949 405 2002 t.
456 1935 494 2000 ld
515 1959 612 2014 vero,
647 1938 738 2022 quod
760 1939 992 2024 cognationem
1013 1937 1103 2002 illam
1123 1939 1267 2004 maxim

231 2025 369 2115 prabet,
386 2023 457 2109 ipsa
473 2027 521 2086 est
536 2019 728 2109 significatio
743 2023 930 2110 particulae.
949 2019 952 2026 ’

313 2148 411 2214 Nulla
428 2149 462 2212 in
476 2147 633 2235 particula
649 2169 690 2212 ex
715 2147 840 2217 licenda
855 2147 958 2234 magis
973 2146 1059 2211 inter
1072 2167 1106 2210 se
1120 2156 1268 2233 pugnant

191 2268 198 2294 a
231 2235 411 2301 sententiae
434 2254 534 2319 quam
553 2234 585 2297 in
611 2235 679 2298 hoa
725 2257 728 2264 ’
757 2233 819 2297 Alii
839 2233 927 2295 enirn
953 2230 1129 2296 fortiorem
1155 2233 1267 2296 dicunt

232 2341 301 2386 esse
321 2318 546 2405 negationem,
572 2317 627 2382 alii
657 2339 731 2382 oum
763 2317 967 2380 dubitatione
995 2318 1202 2380 coniunctam
1235 2328 1268 2381 et

233 2403 469 2470 debilems'alii
494 2424 595 2489 quum
617 2403 771 2472 vidissent
790 2400 886 2466 baud
907 2421 1006 2488 saepe
1029 2401 1184 2466 intentius
1207 2423 1267 2466 ne·

255 2511 327 2571 are,
357 2489 452 2552 sicuti
475 2487 740 2574 Jaaadquaqnam
762 2507 894 2573 semper
919 2486 1082 2550 maiorem
1111 2487 1178 2550 vim
1211 2486 1265 2549 ba·

231 2511 307 2650 bet,
335 2574 460 2636 nescire
484 2592 520 2634 se
545 2571 688 2654 professi
714 2583 808 2641 suot,
837 2571 1011 2657 quomodo
1036 2571 1166 2656 negatio
1190 2593 1267 2634 cum

233 2657 434 2722 dubitatione
467 2655 639 2719 coniuncta
674 2657 859 2743 graviorem
889 2658 955 2720 vim
988 2655 1110 2719 habere
1140 2668 1266 2742 posset.

230 2741 307 2808 vid.
336 2741 483 2805 Kritaius
499 2740 533 2803 io
556 2737 660 2804 lahaii
681 2741 798 2805 Aonal.
820 2740 1115 2828 Tam.1u.p.8a
1155 2741 1268 2821 Quare
1331 2765 1332 2776 ¹

230 2847 361 2893 neeesse
375 2827 437 2889 erit
453 2825 635 2890 universam
653 2845 725 2890 rem
740 2846 919 2914 exponere.
1331 2835 1332 2858 ³

316 2911 433 2976 Omnis
458 2911 658 2996 negationis,
696 2933 759 2997 qua
791 2911 909 2974 dicitur
938 2905 1058 2996 aliquid
1089 2929 1159 2972 non
1185 2931 1266 2988 esse,

234 2995 356 3084 duplex
372 3007 420 3060 est
435 3017 553 3080 genusz
577 2995 726 3076 alterurn,
747 3017 813 3082 quo
828 3005 964 3084 negatur
981 2993 1116 3081 qualitas
1135 2993 1183 3057 rei
1200 2995 1266 3058 sive

232 3083 370 3170 ponitur
390 3103 462 3146 rem
486 3103 555 3145 non
578 3103 646 3146 esse
669 3082 703 3146 id
730 3079 818 3166 quoti
843 3081 978 3144 dicitnr:
1009 3079 1167 3158 alterum,
1197 3101 1266 3164 quo

231 3180 369 3254 negatur
393 3189 463 3229 esse
483 3188 565 3230 rem.
615 3166 674 3230 Illa
702 3168 889 3253 negatione,
921 3185 1021 3252 quam
1068 3163 1267 3228 ualitalivam

231 3271 406 3322 vocamus,
436 3251 629 3334 exponitur,
655 3250 741 3334 xq'uid
772 3274 841 3314 non
875 3249 916 3312 sit
940 3271 1012 3314 res:
1080 3271 1115 3312 ac
1146 3259 1268 3330 autem,

257 3347 331 3398 nam
357 3333 519 3398 medalem
549 3333 769 3420 appellem,
800 3355 879 3398 num
905 3334 947 3398 sit
973 3356 1037 3398 res.
1086 3335 1268 3421 Vtramque
1330 3359 1331 3408 3

265 3419 348 3483 raeci
380 3427 412 3482 et
435 3417 543 3482 Latini
571 3419 784 3506 distinguunt.
844 3419 1042 3498 Qualitatem
1068 3418 1119 3483 rei·
1147 3429 1267 3506 negant

232 3505 348 3569 Graeci
368 3517 429 3592 pe‘r
456 3499 603 3568 voculam
626 3489 680 3568 orl:
718 3503 885 3568 medalem
913 3505 1122 3588 negationem
1152 3506 1267 3590 expri-

231 3600 329 3654 munt
349 3583 508 3676 particula
523 3584 581 3669 μή,
603 3609 701 3675 quam
725 3589 780 3674 qui
802 3585 993 3674 cogitationi
1015 3589 1189 3652 notionum
1213 3591 1268 3652 in-

232 3676 353 3738 servire
381 3671 507 3750 dicuni,
533 3684 588 3736 aut
610 3675 657 3737 rei
677 3671 779 3737 factae
802 3673 1008 3759 negationem
1033 3696 1051 3737 a
1074 3673 1268 3760 cogitatione

232 3770 366 3844 negatae
387 3757 437 3822 rei
452 3767 621 3846 separant,
646 3771 715 3822 uon
740 3759 814 3822 satis
829 3765 1001 3844 reputant,
1026 3759 1156 3836 omnia,
1185 3781 1269 3844 quae

233 3855 410 3930 negantur,
434 3862 502 3907 esse
524 3843 745 3930 cogitationis,
766 3841 823 3906 sed
840 3841 979 3906 modum
1002 3836 1131 3906 differre
1144 3864 1267 3926 rernm,

233 3947 316 4016 qnae
348 3927 400 3992 vel
424 3949 492 3990 esse
521 3927 572 3992 vel
594 3922 723 4014 ,aliquid
760 3949 828 3992 esse
859 3927 1048 3994 dicantur„¹
1067 3927 1133 4008 Qui
1157 3937 1267 3992 autem

230 4013 410 4099 respiciant
428 4011 468 4074 ad
521 4011 727 4078 rolribitivam
751 4015 817 4079 uim
865 4011 1016 4077 articulae
1030 4007 1089 4096 pai,
1109 4011 1142 4075 id
1157 4015 1267 4100 potius

172 4123 173 4128 ¹
234 4097 458 4164 demonstrare
488 4033 628 4183 debent,
657 4097 744 4164 unde
779 4033 1007 4186 proiciscatur
1034 4097 1115 4164 baec
1138 4097 1266 4186 'probi-
