2812 4732
273 304 336 367 822
774 291 828 358 IN.

252 435 255 444 ’
339 451 360 505 i.
378 465 403 502 e.
421 451 452 500 ut
466 447 690 520 obsequerentur.
726 445 875 499 Auoaetort
890 443 1009 498 dictione
1027 440 1141 498 Sallust.
1163 445 1237 513 apud
1259 447 1330 499 Aru-

337 536 445 590 siauum
460 528 582 586 Massam
599 551 626 601 p.
639 529 700 586 24⁰.
720 534 834 584 amatam
844 533 962 602 partium
977 532 1054 584 deeras
1067 532 1097 582 iu
1111 533 1254 603 mercedem
1273 549 1330 582 cor-

341 628 449 690 ruptum
464 627 531 672 erat.
550 617 568 670 i.
584 636 608 673 e.
623 623 654 672 ut
669 621 740 696 esset
755 633 871 670 merces.
1141 617 1143 622 ’

355 777 409 838 88.
429 765 585 836 Eiusdem
601 771 736 835 rationis
762 780 839 834 suut
862 769 979 846 verba,
1000 789 1084 856 quae
1109 766 1329 831 mutationem

272 857 426 922 indicant.
469 856 600 921 Exeunt
618 859 706 921 euim
723 879 776 956 pes
793 857 827 920 in
847 855 944 920 uliam
963 854 1126 934 formam,
1146 864 1204 916 aut
1219 863 1328 916 traus-

272 941 426 1009 fcruntur
441 943 475 1006 in
492 943 589 1007 aliam
607 943 843 1007 conditionem.
1029 951 1032 960 “

376 1049 483 1116 0ἰοῖοο
499 1065 568 1116 Fato
582 1061 608 1126 9,
625 1061 668 1114 lt.
688 1080 735 1114 aee
753 1063 841 1131 magis
856 1058 1011 1112 commutari
1031 1075 1060 1110 ea
1073 1059 1142 1110 ueris
1163 1057 1192 1108 ia
1203 1059 1284 1122 falsa
1298 1075 1326 1109 eu

342 1167 431 1220 posse,
460 1166 528 1216 quae
544 1151 639 1215 sutura
665 1154 736 1211 suast,
765 1163 842 1214 quam
866 1162 913 1208 ea,
939 1161 1004 1212 quae
1020 1148 1101 1210 sacta
1121 1149 1190 1194 aaut.
1228 1142 1262 1208 s,
1285 1140 1326 1195 18.

226 1271 232 1280 .
339 1251 383 1284 uec
397 1233 486 1302 magis
502 1233 659 1284 immutabile
678 1250 707 1283 ea
721 1249 779 1283 sero
793 1225 947 1300 insalsum.
982 1227 1058 1280 curt.
1077 1225 1104 1292 3,
1121 1226 1148 1291 8,
1163 1227 1207 1279 20.
1233 1228 1262 1278 ia
1277 1228 1326 1280 sol-

340 1318 499 1372 licitudinem
515 1333 591 1370 uersa
602 1317 707 1382 fiducia
721 1323 768 1369 est.

375 1421 417 1473 Da
434 1419 526 1472 verbis
543 1420 572 1471 in
584 1419 676 1472 mellus
690 1425 789 1472 mutare
803 1418 953 1471 Burmann.
969 1415 1004 1470 aa
1019 1417 1122 1468 Lucan.
1136 1411 1163 1480 0,
1179 1412 1226 1467 00.

355 1571 408 1636 84.
431 1571 594 1635 Eventum
609 1569 793 1659 significant
808 1571 907 1636 etiam
926 1567 1093 1634 exardere
1116 1567 1154 1632 ia
1180 1567 1325 1656 aliquid,

273 1655 458 1722 accendere
472 1657 510 1721 in
525 1657 629 1722 iram.

375 1776 474 1846 virgil.
489 1776 556 1829 Aen.
569 1775 602 1842 7,
617 1773 678 1830 445.
697 1776 792 1828 exarsit
808 1776 836 1826 s'a
852 1775 914 1826 iras.
943 1773 1028 1846 Auel.
1044 1775 1111 1827 Pau.
1127 1775 1269 1827 Constant:
1286 1774 1325 1848 18.

339 1861 368 1913 ia
389 1863 492 1931 guallia
513 1869 536 1914 et
556 1862 698 1913 uindictam
710 1861 823 1929 papulus
844 1877 966 1912 ramanus
991 1860 1098 1912 exarsit·
1130 1857 1288 1932 Orosiusti,
1302 1858 1325 1911 5.

306 1987 310 2002 .
338 1946 479 1998 inscelere
497 1947 600 1999 eaursit.
632 1943 783 2014 Hegesipp.
799 1944 825 2009 3,
844 1944 869 1997 9.
888 1945 1059 2013 irruptiones,
1077 1961 1141 2011 quas
1157 1947 1186 1997 in
1199 1946 1271 1998 iram
1285 1963 1325 1997 ac-

338 2031 461 2101 cendebat
473 2031 570 2099 pudor.
605 2027 684 2082 Haec
700 2029 811 2082 Cottius
827 2029 862 2082 ad
876 2025 979 2081 Lucan.
996 2025 1023 2092 3,
1040 2027 1100 2080 133.

353 2181 408 2246 86.
438 2181 560 2246 Poetae
580 2202 642 2270 per
664 2181 946 2269 praepositionem
973 2179 1139 2258 indicant,
1174 2182 1255 2267 quid
1284 2204 1321 2246 ex

271 2267 404 2352 agendis
424 2266 522 2330 rebus
548 2269 738 2354 proveniat,
764 2289 902 2354 quemve
926 2267 1051 2330 exitum
1077 2265 1197 2330 habeat
1223 2289 1322 2352 nego-

270 2357 373 2502 }iums
398 2354 489 2439 quod
504 2363 623 2419 'tamen
639 2377 734 2444 saepe
752 2365 784 2421 et
800 2353 841 2418 ad
864 2351 968 2419 finem
993 2363 1026 2438 et
1049 2352 1090 2416 ad
1107 2353 1323 2420 modum.re·

218 2513 223 2522 ⁸
287 2461 351 2504 crrr
366 2450 489 2526 potest.

371 2558 441 2611 Stat.
465 2557 555 2610 Theb.
574 2555 609 2621 5,
629 2555 689 2610 200.
716 2559 832 2628 vigilant
852 2565 998 2627 nuptaeque
1017 2575 1148 2626 aurasque
1178 2560 1208 2612 ia
1237 2563 1321 2614 scelus.

337 2642 553 2694 Seuec.1’hoeu.
568 2641 628 2694 208.
646 2651 747 2694 certant
763 2643 792 2694 la
806 2661 879 2696 omae
892 2643 1010 2709 facinus.
1046 2641 1150 2696 Lucan.
1173 2644 1209 2710 1,
1225 2642 1252 2699 5.
1271 2663 1322 2699 cer·

334 2733 419 2779 tatum
436 2728 496 2780 totis
510 2727 625 2779 cauciaci
638 2729 737 2780 uiribus
750 2728 820 2780 ortis
834 2729 863 2779 ia
877 2745 1010 2780 commuue
1022 2730 1112 2798 ussus..

351 2880 405 2942 86.
429 2875 610 2950 Vtilitatem
628 2889 660 2945 et
675 2878 893 2944 commodum
912 2879 1059 2952 indicant
1083 2880 1183 2945 verba
1200 2882 1240 2945 ia
1256 2905 1324 2947 rem

269 2982 360 3043 esee,
384 2959 448 3026 huc
466 2976 515 3028 est
538 2965 714 3052 prodesse,
744 2967 822 3030 utile
849 2989 929 3030 esse.
968 2965 1043 3030 Vid.
1059 2967 1211 3031 Arusian.
1235 2969 1323 3032 Mes-

268 3067 343 3110 sum
364 3072 397 3136 p.
417 3053 490 3116 529.
534 3052 693 3116 Similiter
716 3076 733 3116 e
754 3075 792 3116 re
812 3075 900 3132 esse,
928 3052 1020 3137 quod
1037 3073 1184 3116 caussam
1203 3055 1324 3140 iujipsa

267 3135 434 3220 reponit,
456 3147 487 3200 et
505 3135 545 3200 ab
562 3161 654 3202 rem.-
676 3149 709 3203 at
726 3161 796 3202 non
813 3140 967 3202 dixerunt
984 3138 1100 3210 ,Latini
1119 3139 1157 3202 iu
1180 3161 1220 3202 re
1245 3164 1322 3220 esse,
1376 3173 1377 3189 ι

267 3239 470 3302 quamquam
496 3221 530 3284 id
556 3223 679 3288 librarii
702 3245 892 3311 supponere
918 3223 1078 3288 solebant.
1121 3224 1187 3288 vid.
1215 3225 1323 3292 Kritz.

269 3302 309 3365 ad
327 3304 459 3366 Sallust.
477 3307 548 3370 Cat.
564 3314 618 3384 20,
637 3315 666 3372 1.
705 3309 923 3373 Contrarium
942 3320 991 3372 est
1006 3321 1127 3374 contra
1141 3331 1218 3382 rem
1245 3335 1322 3378 esse.

266 3387 339 3451 Alia
355 3391 482 3452 ratione
497 3392 616 3456 dicitur
631 3396 709 3458 risui
722 3419 792 3460 esse
810 3397 848 3458 ia
864 3394 1018 3482 aliquam
1039 3419 1111 3462 rem
1133 3407 1166 3460 et
1177 3392 1269 3483 fieri
1288 3399 1323 3462 ia
1375 3427 1376 3471 t

268 3471 424 3561 aliquam
436 3497 510 3538 rem
529 3500 591 3564 pro
608 3479 642 3542 in
659 3501 757 3545 usum
771 3480 907 3567 ,alicuius
930 3483 990 3550 rei.
1195 3479 1199 3492 '

368 3593 459 3648 Plout.
473 3597 535 3650 Aul.
556 3597 621 3664 2,1,
637 3598 680 3651 10.
699 3607 730 3652 ut
745 3618 852 3667 aequam
876 3609 928 3665 est,
956 3603 1023 3669 quoti
1036 3603 1064 3654 in
1084 3620 1138 3655 rem
1154 3620 1209 3655 esse
1223 3603 1321 3669 utrique

334 3679 496 3736 arbitremur.
531 3683 645 3736 Terent.
660 3685 728 3736 Heu.
745 3685 771 3748 2,
786 3685 812 3750 2,
828 3683 854 3736 l.
872 3689 940 3753 quod
953 3695 981 3738 tu
996 3687 1096 3739 siiilem
1106 3693 1221 3756 faceres,
1236 3687 1321 3757 magis

299 3805 302 3812 .
334 3764 361 3816 iu
377 3782 431 3816 rem
445 3775 472 3819 et
485 3775 600 3820 uestram
614 3777 640 3822 et
654 3778 768 3823 vostram
789 3771 818 3824 io
840 3771 898 3823 siet.
932 3769 964 3834 1,
987 3771 1022 3834 2,
1044 3769 1087 3824 tt.
1113 3774 1136 3824 ei
1156 3774 1190 3836 ,ia
1206 3791 1264 3826 rem
1285 3776 1321 3824 aa

334 3848 482 3908 Bacclridm.
515 3851 598 3904 Andr.
612 3852 646 3917 3,
661 3851 696 3918 3,
711 3853 754 3906 14.
772 3855 884 3908 Phor-m.
899 3855 932 3920 1,
947 3855 980 3919 3,
996 3853 1022 3907 9.
1042 3855 1133 3910 Plaut.
1149 3858 1228 3910 Pers.
1244 3857 1278 3922 3,
1294 3855 1318 3916 1.

332 3931 376 3983 14.
393 3941 479 3987 utrum
496 3935 581 3989 lsercle
595 3939 685 4008 magis
700 3939 731 3991 ia
744 3941 841 3994 reatris
855 3959 909 3993 rem
927 3941 1063 3994 uidebitur.
1098 3941 1158 3993 Lir.
1177 3940 1223 4004 26,
1239 3939 1282 4004 44,
1295 3938 1319 3989 'l-
1373 3983 1374 3988 ,

331 4018 471 4084 uersatur,
486 4022 615 4090 imperat,
631 4041 696 4090 puae
715 4025 744 4076 ia
757 4043 812 4078 rem
828 4017 910 4080 suut(
924 4023 969 4090 35,
984 4023 1028 4091 35,
1045 4025 1087 4080 13.
1108 4009 1182 4077 110.
1199 4026 1319 4078 Gronov.
1373 3997 1374 4035 t

334 4101 369 4156 aa
384 4101 436 4168 aa,
451 4101 488 4168 4.
505 4103 531 4158 a.
552 4106 693 4162 amiens.
713 4108 749 4161 aa
764 4108 815 4182 aa,
837 4108 873 4178 a,
889 4108 916 4164 a.
941 4110 1050 4185 corna·
1075 4111 1110 4165 aa
1125 4109 1241 4168 surus
1259 4111 1319 4164 aa
1372 4087 1373 4170 l
