2812 4732
561 256 618 323 ra.
667 274 767 349 A<
1058 262 1122 325 ιιι

138 433 197 472 ram
210 415 301 478 mam,
318 429 384 481 qaae
397 429 456 465 mea
469 415 526 476 est,
543 412 628 464 airam
641 412 691 463 bae
706 411 735 463 in
756 411 859 464 Veneris
875 417 982 481 sanam.
1020 415 1081 466 Cas.
1095 413 1122 478 2,

139 503 166 567 3,
185 499 228 554 26.
248 499 293 550 abi
307 499 336 548 ia
349 499 434 550 lastra
450 497 575 549 iacuisti?
601 497 671 550 Nam
688 498 775 549 lustra
790 503 851 548 sunt
865 497 1000 562 libidines,
1012 504 1048 550 ‘et
1061 516 1124 550 sen-

139 586 227 642 tentia
245 585 315 636 hoec
338 581 461 635 ests‘ubi
485 580 593 635 iacuisti
615 571 711 636 lustris
726 583 835 634 istudeo
854 581 942 650 (dein.
957 581 1039 647 5,·2,
1055 582 1124 651 la).

139 670 273 726 Similiter
296 669 396 720 Lucan.
418 665 451 731 9,
467 666 526 718 116.
556 670 694 736 composita
714 669 741 718 in
758 675 865 720 mortem
885 662 982 719 iacuit:
1002 668 1038 719 de
1052 669 1123 721 Gor-

139 748 224 820 nelia,
243 747 315 822 qaae
330 770 359 804 se
373 751 455 804 morti
471 752 656 825 praeparavit.
687 738 757 804 conl.
773 755 846 805 Gort.
864 753 899 808 ad
913 752 982 805 Plin.
997 753 1081 820 Epist.
1097 752 1124 820 5,

140 840 167 907 5,
181 825 209 894 5.
243 839 299 892 Sed
318 855 381 889 cum
400 836 462 889 aliis
482 837 605 889 Kritzius
623 837 817 904 interpretatur
836 838 902 890 illa:
924 838 973 889 ubi
995 838 1023 889 in
1034 838 1126 894 ,lustra
1174 870 1176 874 >

141 925 261 980 incidisti
279 924 308 988 in
326 921 414 988 iisque
431 922 551 982 iacuisti.¹
584 924 681 976 Senec.
705 920 783 975 Cone.
799 923 832 975 ad
847 923 934 975 Marc.
956 922 982 987 2,
998 923 1091 987 Leria
1107 943 1128 996 a

138 1011 286 1084 praeceptis
303 1009 415 1077 incipere
429 1026 531 1072 omnes,
550 1009 595 1078 pai
615 1027 716 1061 moriere
738 1010 852 1076 aliquem
869 1008 972 1072 volant,
990 1012 1024 1060 et
1035 1009 1063 1058 in
1083 1011 1127 1059 ea-'
1218 1046 1219 1049 ¹

141 1100 227 1166 empla
241 1091 363 1149 desinere.
398 1091 468 1145 Nam
491 1092 615 1144 desinere
635 1099 675 1144 est
691 1093 725 1144 ad
747 1091 894 1144 terminum
908 1092 1046 1161 progredi.
1071 1093 1126 1144 vid.
1152 1134 1153 1144 .

137 1183 215 1238 11.1.
247 1180 337 1233 Plaut.
353 1179 434 1230 Most.
450 1178 475 1241 1,
491 1177 518 1242 2,
534 1176 559 1229 2.
576 1186 782 1248 argumentoque
803 1179 830 1230 in
840 1187 930 1249 pectas
946 1180 1027 1232 araba
1048 1180 1126 1232 iasti-

140 1267 183 1321 tai
197 1283 256 1335 ego.
290 1263 402 1331 Terent.
418 1263 467 1315 nd.
485 1263 550 1329 1,1,
567 1262 608 1314 13.

67 1374 72 1410 ’“
117 1438 119 1441 ,
176 1385 232 1437 Sed
245 1385 316 1437 haec
331 1399 384 1434 noa
402 1386 506 1435 tantum
523 1384 623 1447 valent,
640 1388 671 1435 ot
686 1382 770 1435 etiarn
786 1390 914 1460 corrupto
930 1385 1015 1436 verba
1030 1385 1126 1438 delen-

140 1469 247 1522 damus.
282 1467 338 1520 Cic.
354 1484 379 1534 p.
398 1466 501 1519 Scauro
515 1465 558 1518 24.
576 1476 664 1520 tamea
681 1485 731 1536 ego
755 1469 820 1526 milri
838 1469 985 1537 provinciae
1006 1487 1126 1522 caussam

140 1557 170 1607 ιἰι
179 1556 346 1624 provinciam
365 1555 449 1622 ipsam
470 1554 675 1622 cognoscendam
696 1559 721 1603 et
743 1552 891 1604 discendam
912 1555 1012 1621 patavi.
1048 1555 1126 1620 Quae

141 1639 257 1691 Beieras
275 1637 372 1701 affert,
393 1637 463 1688 nihil
478 1636 617 1689 alliciente
635 1635 771 1687 sententio
785 1643 876 1689 manet
894 1638 965 1689 falsa
984 1645 1011 1689 et
1025 1639 1126 1706 inepta.

142 1724 323 1781 Scribendum
346 1730 387 1774 est
411 1724 437 1773 ia
458 1723 600 1791 provincia.
642 1719 754 1772 Sallust.
779 1722 838 1772 Cot.
863 1722 913 1785 11,
934 1721 959 1772 5.
986 1727 1126 1787 exercitam

143 1827 217 1877 paeni
234 1811 263 1860 ia
279 1809 370 1858 Asiam
386 1796 545 1858 ductaverat.
580 1806 623 1858 lta
639 1805 782 1857 ediderunt
795 1803 825 1866 ii,
843 1807 888 1877 qui
903 1807 1084 1874 opinabantur
1101 1813 1129 1862 ia

141 1895 236 1946 Asiam
259 1892 400 1958 eleganter
424 1891 478 1942 dici
499 1900 548 1959 pr‘o
569 1893 599 1942 in
615 1891 680 1942 Asia
701 1889 734 1941 de
756 1892 977 1945 commoratione.
1014 1897 1129 1951 Dactare
1171 1932 1174 1939 ι

146 1975 220 2029 enim
236 1974 283 2036 bic
299 1983 340 2026 est
356 1976 451 2027 ducem
469 1993 535 2027 esse.
569 1974 797 2028 l'idcllritzinni.
875 1993 878 1999 ·

185 2093 385 2146 Technicorum
399 2095 495 2163 lingas
507 2093 589 2145 etiam
604 2095 675 2160 apud
690 2096 828 2149 Romanos
845 2116 973 2168 magnam
988 2098 1129 2153 licentiam
1168 2135 1178 2143 -

146 2178 244 2232 habuit
259 2196 429 2231 concessam:
452 2187 592 2238 tamenne
608 2179 700 2246 inepta
722 2181 796 2234 dicta
814 2180 1001 2253 negligentiae
1020 2187 1129 2240 nomine

147 2281 324 2330 excusemus,
351 2264 500 2316 cavendam
517 2263 577 2317 erit.
611 2265 760 2325 Formulae
775 2267 915 2340 technicae
934 2271 1059 2324 videntur
1075 2274 1130 2327 hac

60 2397 62 2401 .
143 2353 218 2416 apud
236 2350 367 2426 Catonem
382 2350 416 2402 de
433 2350 475 2400 Re
491 2367 514 2400 r.
531 2347 573 2413 39,
588 2345 613 2402 2.
631 2351 692 2401 inde
708 2352 844 2405 laterculos
857 2338 960 2422 facito,
980 2359 1080 2424 coquito
1102 2361 1130 2412 ia

142 2444 291 2508 fornacem.
327 2433 392 2500 153,
410 2433 436 2487 5.
464 2435 606 2486 brassicam
627 2435 654 2485 ia
683 2453 779 2502 aquam
802 2455 935 2493 macerare
943 2423 1064 2510 ‘oportet
1099 2443 1132 2495 ln

144 2522 190 2586 39,
208 2519 234 2574 2.
248 2538 297 2590 per
318 2521 426 2572 imbrem
447 2520 473 2571 ia
495 2521 586 2572 villam
603 2521 720 2586 quaerito
744 2523 805 2589 qaid
823 2526 882 2592 fieri
901 2527 989 2594 possit.
1023 2531 1132 2579 veteres

145 2606 278 2659 editiones
295 2605 399 2658 babeat
417 2607 444 2657 ia
460 2606 532 2675 oilla.
567 2602 611 2666 52,
630 2603 852 2674 Leamqaalam
867 2617 912 2661 aat
932 2599 1038 2662 calicem
1062 2619 1132 2664 terra
1232 2650 1233 2655 ,

55 2759 61 2769 ι
94 2692 115 2764 Ἰ
145 2694 254 2761 impleta
270 2692 415 2759 calcataque
432 2692 508 2754 bene,
536 2691 565 2740 in
582 2691 699 2741 arborem
716 2693 862 2760 relinquito.
896 2695 1076 2748 scribendum
1093 2703 1134 2751 est

143 2779 269 2847 religato.
303 2776 389 2827 Varro
408 2775 442 2825 de
461 2775 504 2826 Re
520 2793 542 2827 r.
558 2774 589 2840 2,
608 2775 640 2839 1,
654 2775 697 2826 21.
718 2777 791 2828 caim
811 2779 930 2832 scientiae
949 2799 1049 2850 genera
1070 2785 1130 2846 dac,

101 2926 104 2930 .
143 2861 495 2924 anam,atialzominem,
517 2863 643 2929 adquam
658 2863 799 2914 adhibendi
813 2864 914 2915 medici.
947 2865 1039 2917 Verba
1056 2875 1085 2918 at
1102 2867 1134 2919 ia'

144 2949 278 3002 bominem
293 2945 478 3012 aglossatore
492 2945 629 3011 adscripta
643 2963 702 2997 esse
726 2947 831 2999 censuit
845 2947 973 3000 Vrsinus:
987 2950 1039 3001 ‘sed
1060 2951 1132 3004 inte-

144 3029 353 3102 gravidentur.
389 3026 452 3079 vide
470 3045 496 3094 p.
513 3027 573 3080 311.
591 3027 731 3101 a‚14,a.
757 3031 780 3081 si
796 3032 868 3082 rivas
881 3049 932 3083 non
946 3035 1089 3100 probibets
1104 3038 1133 3089 in

143 3118 261 3188 parietes
275 3121 368 3166 stantes
386 3113 490 3164 invenit.
524 3112 704 3166 Scribendum
719 3114 828 3174 videtur
845 3116 873 3165 in
892 3118 1003 3184 parietes
1026 3129 1133 3188 reptan-

145 3210 184 3256 tes
209 3198 395 3253 invenitis.
416 3191 681 3252 dieWriadelriaan.
717 3199 779 3251 vide
798 3217 823 3267 p.
836 3198 897 3265 3113,
914 3199 939 3253 5.
968 3202 1073 3256 Gellius
1084 3222 1133 3256 re·
1181 3230 1184 3236 <

145 3289 203 3341 lert
227 3285 278 3348 1⁰,
296 3282 339 3336 24.
362 3281 489 3335 Coelium
510 3280 538 3333 in
564 3282 710 3351 Historiar.
733 3284 804 3337 libro
834 3287 951 3337 secundo
973 3288 1132 3355 scripsisses
1234 3309 1238 3324 ³

146 3375 190 3426 die
209 3371 292 3440 quinti
306 3370 403 3420 Romae
420 3369 448 3418 io
467 3368 621 3436 Capitolium
636 3371 731 3447 carabo
749 3371 794 3421 tibi
809 3387 886 3422 coena
902 3372 937 3422 sit
951 3379 1030 3424 cocta.
1049 3383 1132 3445 atque

139 3461 222 3512 baec
243 3454 330 3518 verba
345 3470 378 3505 ex
393 3452 510 3521 Origine
528 3453 566 3504 Μ.
588 3452 699 3526 Catonis
716 3453 858 3522 desumpta
879 3471 957 3519 esse‚·
971 3455 1003 3521 in
1016 3476 1069 3525 qao
1093 3461 1134 3514 ita

146 3542 285 3608 scriptum
307 3539 420 3590 luisset:
446 3538 590 3611 diespar'nti
608 3537 634 3588 in
658 3539 784 3605 Capitolio
809 3541 857 3591 tibi
875 3550 955 3591 coena
975 3551 1049 3595 cocta
1074 3547 1132 3598 erit.

146 3626 224 3694 Quid
250 3624 334 3675 inde‘l
368 3622 475 3676 Coelius
499 3623 555 3690 ipsa
580 3623 665 3674 verba
687 3621 814 3692 magistri
836 3623 958 3691 equitum
988 3628 1132 3696 carthagi·
1235 3599 1251 3628 ’μ

101 3775 102 3780 ¹
147 3707 254 3763 niensis
268 3724 320 3758 non
333 3707 413 3760 modo
428 3709 539 3772 allerre,
565 3707 612 3760 sed
627 3708 710 3779 etiam
724 3724 835 3761 serrare
851 3707 939 3762 voluit
954 3711 1068 3765 barbari
1082 3715 1134 3766 ho·
1213 3729 1215 3731 ’

145 3795 230 3851 minis
245 3793 393 3862 loquelam.
451 3849 453 3853 ,
667 3784 722 3856 Χ,

183 3911 396 3981 Inscriptiones‚
413 3927 484 3977 qaae
497 3926 550 3963 non
571 3927 652 3962 usam
670 3907 850 3980 scriptorum,
871 3913 917 3966 scd
932 3911 1132 3966 inscitiam'ar-

147 3998 259 4052 eiacum
284 3996 476 4064 comprobant,
518 4001 624 4048 exstant
648 3997 719 4064 apud
750 3998 852 4051 Mutat.
881 3996 947 4065 m,
964 3998 989 4050 1.
1024 3997 1141 4062 (Orelli.
1224 4009 1226 4013 ’
1330 3966 1331 3969 =

150 4079 476 4152 amalasuntam
502 4096 960 4138 aaamvsrsarmmmsacsr
977 4095 1063 4137 amsa
1079 4100 1163 4149 arv-f
1215 4151 1222 4155 .
1322 4102 1325 4105 ·
