2738 4730
227 336 292 400 212
335 391 337 397 ,
583 329 717 398 mm.
747 325 922 422 [ruerus.

232 507 335 575 quam
371 486 536 566 formam,
575 505 646 548 non
677 482 795 548 modo
812 481 1040 548 vetustissimis
1076 469 1293 572 tempoiibus

129 565 134 633 Ῐ
232 575 386 638 usitatam
402 595 491 652 esse,
513 555 570 635 sed
588 571 686 635 etiam
699 580 820 658 postea
840 568 880 632 ab
907 569 1043 652 optimis
1055 573 1291 658 ¹scriptoribus

234 669 268 724 et
284 683 302 723 a
318 660 478 724 Cicerone
497 657 677 722 adhibitam
692 678 768 722 csse
787 677 866 720 vero
889 655 1019 720 videtur
1041 658 1157 722 simile.
1200 657 1292 722 Illud

208 790 216 801 -
237 743 472 811 demonstrant
489 744 695 807 scenicorum
712 753 887 830 poetarum
909 741 1044 828 quidam
1062 741 1128 808 loci
1152 746 1295 809 metrica

237 853 295 896 sua
310 829 458 914 ratione,
480 829 546 894 hoc
564 837 673 893 autem
691 827 916 916 comprobant
939 827 1087 912 codices,
1107 829 1142 894 in
1168 830 1293 916 quibus

196 919 199 930 ’
236 917 430 1004 antiquioris
459 916 641 1006 scripturae
670 916 803 1000 vestigia
839 935 907 976 non
948 914 1061 978 omnia
1097 914 1293 980 oblitterata

236 1013 324 1067 sunt.
373 1003 603 1067 Observarunt
625 1001 723 1064 etiam
756 999 961 1064 Camerarius
995 999 1028 1088 iu
1062 1000 1166 1064 Plauti
1195 1001 1294 1066 libris
1349 1059 1354 1062 .

236 1088 410 1178 palatinis,
431 1088 597 1153 Victorius
612 1096 645 1150 et
659 1086 841 1166 Lambinus
858 1088 892 1148 in
920 1086 1090 1150 Ciceronis
1111 1087 1294 1152 codici—bus.

238 1175 350 1255 Quare
371 1175 437 1238 iam
462 1172 613 1238 Gifanius
638 1172 674 1235 in
699 1172 877 1238 Collectan.
900 1171 1029 1234 Lucret.
1061 1193 1159 1240 usum
1193 1172 1294 1237 liuius

236 1259 369 1326 formae
386 1259 549 1328 vindicare
566 1254 747 1323 conabatur
762 1256 934 1321 universae
947 1256 1119 1339 latinitati,
1143 1258 1295 1346 adeoque

119 1413 128 1435 Ι
234 1343 421 1410 Victoriam
441 1343 726 1444 reprehendebat,
776 1344 810 1406 ui
833 1365 899 1407 nou
923 1343 1053 1428 saepius
1076 1365 1173 1408 ausu-s
1208 1356 1295 1410 esset

234 1453 311 1498 eam
337 1431 491 1496 Ciceroni
509 1431 694 1495 restituere.
782 1439 892 1492 metus
914 1449 992 1492 vero
1018 1429 1095 1493 Var.
1124 1431 1217 1495 Lect.
1244 1437 1293 1510 12,

237 1521 292 1584 11.
312 1515 433 1602 „quod
450 1537 559 1598 nunc,
582 1515 708 1602 iuquit,
726 1526 889 1602 perpetuo
909 1513 1012 1578 istinc
1028 1524 1059 1579 et
1082 1514 1181 1579 illinc
1205 1518 1294 1580 scri-

236 1602 365 1680 bimus,
397 1612 522 1668 veteres
553 1622 809 1687 nonnumquam
843 1599 939 1664 istim
971 1610 1003 1664 et
1035 1600 1125 1690 illim
1163 1605 1294 1668 scribe-

235 1711 274 1755 re
303 1688 416 1753 solitos
447 1697 591 1752 constat.
648 1686 811 1773 Rectaque
844 1685 971 1750 factum
1003 1709 1022 1750 a
1053 1688 1150 1749 Petro
1175 1690 1295 1752 Victo-

237 1775 290 1840 rio
308 1785 374 1856 est,
398 1773 489 1860 quod
512 1773 546 1837 in
572 1772 664 1836 libris
688 1772 900 1859 epistolarum
925 1771 1095 1836 Ciceronis
1120 1773 1293 1859 antiquam

154 1865 193 1916 .'
238 1861 438 1950 scripturam
455 1860 665 1944 hacquoque
683 1859 716 1922 in
761 1867 833 1926 arte
853 1855 1020 1940 cumfide·
1039 1870 1292 1945 repraesentan-

239 1943 316 2010 dam
341 1945 486 2034 putavit,
513 1953 549 2006 ut
570 1945 606 2008 in
633 1881 770 2030 epistolii
793 1942 833 2006 ad
857 1941 1023 2007 Valerium
1049 1944 1206 2025 (1‚10.):
1237 1945 1294 2032 qui

237 2031 333 2096 istim
355 2048 445 2095 nunc
472 2029 626 2105 veniunt,
649 2039 681 2093 et
705 2027 917 2108 aliislocisst‘
959 2029 1139 2096 Lambinus
1162 2029 1206 2094 de
1231 2030 1292 2095 bac

126 2121 129 2135 ¹
234 2137 273 2182 re
290 2116 445 2200 loquutus
471 2125 520 2180 est
535 2114 575 2177 ad
591 2115 660 2178 Cic.
677 2114 761 2181 Phil.
779 2120 810 2186 2,
826 2119 879 2190 81,
896 2117 949 2178 77.
977 2114 1139 2202 ad'Epist.
1164 2114 1246 2181 iam.
1261 2122 1291 2195 6,

189 2219 192 2226 ·
235 2199 390 2287 61160.)
415 2209 447 2264 et
462 2200 497 2264 in
522 2199 660 2263 Omissis
685 2223 720 2286 p.
738 2201 814 2266 565.
839 2200 878 2263 ad
904 2199 1009 2286 Epist.
1032 2203 1070 2264 ad
1096 2203 1162 2265 Att.
1186 2203 1220 2283 4,
1242 2208 1290 2268 13.

236 2288 327 2352 Cum·
339 2285 390 2350 his
408 2286 487 2352 viris
499 2286 751 2357 consentiebant
767 2285 944 2372 Scioppius
970 2286 1017 2372 (in
1035 2285 1132 2373 Susp.
1150 2287 1242 2352 Lect.
1261 2295 1289 2363 1,

236 2371 324 2458 21.),
346 2374 466 2438 Pareus
483 2373 531 2458 (in
555 2372 666 2436 Lexic.
687 2374 758 2436 crit.
785 2395 820 2460 p.
836 2375 910 2437 668.
937 2381 968 2434 61
987 2371 1137 2436 Mentiss.
1159 2396 1194 2460 p.
1211 2373 1289 2462 91.),

235 2459 373 2524 Vossius
388 2459 544 2546 (dehuel.
553 2460 585 2538 4,
607 2458 688 2546 19.),
712 2458 908 2523 Garatonius
923 2455 976 2544 (ad
993 2457 1058 2520 Cic.
1068 2457 1151 2522 Phil.
1170 2463 1289 2546 2,3l.).
1357 2475 1358 2478 ’

236 2545 397 2609 Vniversa
421 2550 532 2608 tamen
551 2539 634 2606 haec
661 2542 839 2630 quaestio,=
855 2565 953 2629 quam
973 2549 1097 2608 veteres
1120 2567 1289 2637 gramma-

236 2628 294 2692 tici
309 2628 449 2691 omnino
474 2629 786 2715 praetermiserunt,
807 2630 924 2693 nititur
946 2647 1012 2692 una
1034 2627 1075 2695 in'
1097 2631 1288 2697 auctoritate

235 2722 385 2778 veterum
402 2711 587 2786 librorum,
609 2715 665 2798 qui
682 2713 745 2776 nisi
765 2715 946 2778 accuratius
967 2715 1196 2800 inspiciantur,
1219 2739 1288 2782 non

235 2796 361 2885 poterit
375 2809 465 2862 recte
479 2798 628 2862 iudicari.
675 2798 875 2862 Criticorum
892 2797 1090 2886 negligentia
1112 2812 1146 2864 et
1169 2803 1287 2868 incon-

147 2927 148 2932 6
236 2883 354 2950 stantia
373 2881 552 2949 admodum
570 2894 763 2972 magnaest.
804 2883 930 2948 Nostro
956 2885 1068 2951 officio
1092 2887 1159 2951 hoc
1182 2910 1288 2954 unum

236 2969 408 3048 convenit,
444 2981 480 3034 ut
511 2971 732 3056 integritatem
766 2968 863 3034 huius
896 2969 1024 3036 formae
1059 2971 1287 3058 defendamus,

203 3067 208 3086 '
236 3077 320 3144 quae
336 3065 449 3121 utrum
465 3057 633 3144 antiquior
650 3055 749 3122 altera
766 3057 826 3137 sit,
839 3077 917 3120 'non
933 3057 1048 3143 liquet.
1184 3129 1188 3136 ¹

335 3159 519 3228 lnPompouii
529 3159 621 3212 verbis
637 3162 708 3230 apud
716 3159 833 3214 Nonium
844 3159 870 3226 l,
885 3157 928 3212 66.
948 3160 1112 3227 quamquain
1128 3161 1190 3214 cod.
1205 3163 1285 3232 guel·

301 3243 495 3311 ferbpraebat
511 3245 563 3297 illa*
577 3249 607 3295 ’61
622 3245 804 3312 lugdunenses
818 3245 900 3308 illum,
916 3244 1089 3297 scribendum
1102 3250 1196 3303 tamen
1210 3247 1288 3299 vida-

302 3331 363 3381 1666
383 3329 511 3380 surculum
526 3313 586 3380 binc
609 3328 654 3378 illo
666 3334 798 3397 profectus
815 3323 882 3380 illim
898 3331 990 3383 redisti
1004 3338 1117 3383 rutrum.
1152 3333 1184 3384 ln
1195 3332 1287 3386 Plauti

263 3429 266 3436 ⁴
298 3405 384 3464 Poen.
400 3411 425 3476 5,
438 3411 464 3476 2,
476 3410 518 3464 tt.
535 3429 603 3462 unus
620 3409 680 3461 cod.
695 3413 778 3480 palat.
793 3413 868 3478 illim,
885 3413 935 3466 6111
950 3416 1024 3467 illum
1039 3415 1182 3483 praebent,
1200 3417 1285 3469 Marc.

300 3495 327 3559 3,
343 3496 367 3561 1,
383 3495 558 3570 ld-uterque
581 3495 664 3562 palat.
677 3495 753 3549 itum.
786 3497 818 3571 ln
833 3495 890 3547 Cic.
907 3499 941 3550 de
957 3497 1012 3552 off.
1027 3499 1060 3564 1,
1075 3497 1125 3563 42,
1142 3499 1203 3554 15⁰.
1229 3503 1284 3555 Fa·

296 3580 378 3632 bricii
402 3580 520 3650 optimus
543 3573 613 3632 liber·
635 3580 720 3633 habet
742 3582 825 3644 illim,
845 3580 895 3633 alii
916 3583 973 3635 tua.
1017 3583 1049 3636 In
1065 3581 1159 3651 Epist.
1170 3585 1207 3638 ad
1228 3587 1283 3638 stt

262 3677 266 3686 ·
297 3664 342 3729 11,
359 3664 438 3720 1161
449 3667 476 3730 9,
495 3663 539 3718 14.
559 3663 1202 3744 6661166661111,Μ6166616“666111616611111116.
1221 3671 1284 3723 1166
1328 3672 1333 3689 ’

299 3747 422 3802 0rellius
442 3751 469 3803 in
485 3748 521 3824 J,
540 3749 583 3805 13.
616 3751 721 3817 recepit
738 3769 791 3802 non
812 3751 1023 3803 assentientibus
1051 3752 1131 3806 libris
1156 3754 1230 3819 stris,
1255 3755 1283 3808 in

297 3832 361 3884 aliis
377 3833 442 3887 locis
465 3833 609 3902 neglexit.
635 3834 713 3886 ldem
736 3823 874 3888 Victorius
892 3835 920 3888 in
935 3837 1023 3904 Epist.
1038 3839 1104 3890 lam.
1122 3837 1220 3901 (1.26.
1238 3833 1287 3891 66-’

292 3931 326 3970 ra
359 3943 394 3957 -·
424 3924 451 3971 te
474 3920 544 3972 istim
561 3937 597 3972 66
622 3927 713 3973 temese
739 3936 905 3974 commoveas.
953 3921 986 3975 In
1005 3921 1078 3976 Phil.
1103 3923 1137 3990 2,
1162 3923 1215 3988 al,
1240 3921 1281 3976 11.

226 4064 228 4070 Ι
292 4017 364 4054 6666
376 3992 471 4058 tuna
494 4004 611 4058 editores
624 4011 736 4058 servant
751 4005 817 4058 illim
826 4004 838 4058 .·’
854 3997 958 4075 dequo
973 4007 1035 4059 loco
1050 4006 1124 4058 infra
1140 4006 1281 4060 dicemusz

291 4086 340 4158 sed
353 4093 422 4142 orat.
438 4086 465 4155 4,
480 4087 507 4155 6,
522 4088 565 4143 12.
587 4089 676 4142 codici
696 4089 822 4166 vatiepno
841 4107 895 4142 non
917 4092 1154 4162 obtemperavere.
1190 4094 1281 4146 Verba

288 4171 444 4240 Ciceronis,
460 4190 532 4242 quae
548 4171 621 4245 apud
638 4172 839 4245 Quintilianum
853 4174 887 4244 6,
902 4175 1134 4266 maereant,
1153 4177 1279 4232 Muretus
