2812 4732
233 287 299 364 sit
731 285 789 356 111.
872 361 874 372 ‚

318 440 377 518 vt.
416 447 447 507 1.
474 439 610 507 Restant
641 461 695 523 ea,
733 439 875 526 quaein
901 437 1085 502 accusativo
1115 457 1193 503 cum
1228 435 1295 504 hac

235 527 484 616 praepositione
509 527 686 592 coniuncto
719 536 776 590 aut
803 524 920 608 dubiae
946 533 1002 586 aut
1025 521 1182 612 propriae
1214 536 1295 588 sunt

238 616 507 679 constructionis.
552 616 657 699 Atqu'e
672 635 708 701 p.
718 617 792 676 291.
810 610 1099 696 expositumesta
1119 633 1185 689 me,
1203 631 1295 696 quo-

236 697 343 764 modo
376 699 672 786 grammaticorum
704 697 968 772 observationes,
1004 695 1122 778 quibus
1148 696 1295 760 demon-

240 784 408 864 strabant,
434 785 568 853 Latinos
583 784 771 872 promiscue
787 782 942 846 adiecisse
958 780 1034 845 huic
1050 781 1303 868 praepositioni.
1370 783 1371 786 ’

238 891 351 934 casum
369 869 546 934 ablativum
569 892 632 956 pro
658 868 857 946 accusativo,
880 867 920 929 ad
940 875 1043 929 certas
1066 868 1219 931 rationes
1242 889 1295 931 re-

239 953 317 1020 duci
332 955 503 1021 deberent.
546 955 581 1019 ld
599 957 719 1019 iterum
742 950 1030 1040 comprobandum
1051 952 1116 1026 erit
1138 953 1173 1016 in
1194 973 1294 1016 accu-

238 1043 356 1106 sativo.
399 1041 486 1105 Nam
503 1040 592 1129 quod
611 1041 763 1106 vitiosum
780 1049 867 1102 recte
883 1057 1072 1116 censemus,
1092 1038 1294 1103 nonsotum
1354 1099 1357 1108 ,

240 1127 432 1208 scultinna,
455 1137 490 1189 ut
504 1127 612 1204 aiunt,
634 1126 816 1206 latinitate,
838 1123 895 1186 sed
921 1123 961 1187 ab
980 1123 1073 1200 omni
1092 1125 1294 1188 Latinorum

238 1233 303 1277 usu
323 1212 498 1277 abhorret:
521 1234 722 1298 quamquam
742 1233 810 1276 non
826 1230 910 1273 unus
938 1207 1132 1276 Gebltardus
1155 1212 1294 1286 cxstitit,

175 1319 177 1324 ·
239 1302 299 1385 qui
317 1297 531 1367 contenderet
547 1299 674 1362 Livium
690 1303 722 1375 3,
736 1301 788 1375 69,
805 1300 837 1364 6.
862 1293 1004 1358 scribere
1026 1296 1175 1384 potuisse
1194 1318 1295 1383 quum

239 1383 393 1450 consules
409 1383 447 1452 in
461 1383 657 1450 concionem
668 1381 969 1468 pronuntiassent,
992 1390 1025 1446 et
1049 1385 1080 1452 6,
1100 1385 1154 1452 21,
1174 1385 1207 1445 8.
1234 1405 1296 1445 ne-
1370 1383 1371 1452 f

238 1491 303 1557 quc
326 1470 365 1536 in
388 1480 544 1534 senatum
566 1468 676 1535 solum
691 1489 759 1554 per
783 1489 838 1533 cos
862 1463 993 1554 legatio
1026 1465 1200 1552 impedita
1228 1477 1296 1530 est.-

265 1575 326 1619 une
342 1577 472 1618 errores
491 1565 567 1618 sunt
584 1554 767 1630 scribarum
787 1553 902 1638 aperti.
947 1549 1080 1614 Cortius
1102 1552 1141 1614 ad
1161 1551 1295 1614 Sallust.

239 1577 313 1706 gat.
329 1643 382 1721 42,
398 1644 430 1706 3.
454 1641 605 1703 Wassius
622 1639 662 1704 ad
678 1641 749 1704 Cat.
768 1642 818 1713 19,
829 1643 857 1703 2.
881 1635 1132 1718 Ruddirnaunus
1149 1636 1182 1699 T
1184 1660 1256 1700 om.
1266 1643 1295 1700 2.

175 1773 184 1780 -
239 1747 276 1814 p.
293 1725 473 1808 8211111111
491 1723 702 1792 affirmarunt
717 1724 817 1790 latine
834 1721 899 1786 dici
917 1743 1015 1807 posse
1031 1723 1069 1788 in
1093 1723 1195 1809 agris
1218 1721 1296 1786 att-

239 1831 296 1886 re,
330 1811 368 1874 in
388 1822 513 1874 senatu
537 1811 669 1875 uenire:
684 1809 739 1882 ,ds
765 1829 832 1894 quo
857 1805 930 1871 vide
956 1829 989 1894 p.
1006 1809 1078 1872 298.
1122 1807 1166 1873 Et
1190 1806 1295 1887 fuere,

241 1895 300 1981 qui
323 1895 469 1982 priscam
500 1905 704 1962 venustatem
727 1892 950 1980 grammaticis
977 1891 1103 1976 legibus
1132 1914 1205 1955 non
1235 1892 1297 1956 ob-

239 1979 397 2058 noxiam,
426 1980 483 2043 scd
509 2003 526 2044 a
549 1979 690 2044 librariis
719 1977 859 2042 indoctis
886 1976 1126 2054 oblitteratam,
1149 1977 1296 2041 admira-

239 2075 359 2130 rentur
375 2063 407 2130 et
424 2064 543 2151 ubique
557 2065 795 2130 restituendam
811 2063 1047 2128 existimarent.
1079 2062 1144 2127 vid.
1163 2063 1294 2127 Kanat.

242 2150 284 2213 ad
306 2151 457 2237 Propert.
484 2173 515 2236 p.
538 2155 609 2214 108.
662 2151 756 2230 Quae
786 2147 946 2214 Klennius
978 2148 1020 2212 ad
1043 2148 1176 2236 Fragm.
1203 2148 1295 2236 Legis

141 2248 166 2282 τ’
243 2234 357 2300 Servil.
387 2258 422 2323 p.
449 2241 502 2300 28.
534 2236 727 2322 nuperrime
747 2235 933 2314 adnotavit,
960 2256 1033 2298 rem
1057 2257 1127 2299 non
1154 2237 1295 2315 ratione,

241 2319 299 2384 aed
318 2320 478 2404 exemplis
495 2320 659 2385 declarant
680 2321 786 2386 adhuc
803 2319 1049 2405 distinguendis.
1091 2319 1295 2385 Oudendor-

151 2485 154 2490 p
242 2403 318 2497 pius
335 2407 374 2471 ad
391 2406 540 2472 Frontin.
569 2414 605 2483 1,
623 2413 662 2488 3,
678 2411 709 2472 ⁵.
729 2417 761 2472 et
788 2407 981 2492 interpretes
1006 2406 1110 2469 Curtii
1134 2410 1174 2479 3,
1202 2412 1240 2487 1,
1268 2411 1295 2469 1.

242 2513 319 2557 vera
347 2514 424 2558 cum
447 2491 554 2570 falsis,
578 2493 710 2578 antiqua
731 2513 807 2557 cum
829 2491 1017 2555 novissimis
1041 2490 1192 2555 miscent.
1237 2492 1297 2555 Sa-

241 2578 339 2642 niore
362 2579 485 2643 iudicio
509 2588 647 2642 utuntur
670 2577 824 2642 Clarkius
846 2587 877 2641 et
896 2577 1044 2642 Davisius
1072 2575 1111 2640 ad
1137 2577 1239 2641 Hirtii
1262 2575 1297 2640 B.

241 2661 314 2726 Afr.
332 2663 385 2727 tt.
409 2663 703 2731 Drakenborahius
728 2665 769 2726 ad
792 2669 831 2743 2,
855 2663 914 2742 14,
938 2665 969 2726 6.
993 2663 1144 2749 scripsitz
1169 2662 1298 2742 „toties

241 2746 353 2812 Livius
386 2749 507 2834 aliique
537 2749 659 2833 optimi
693 2747 871 2844 scriptores
905 2747 1033 2835 regulas
1063 2749 1300 2835 grammatico-

241 2852 320 2896 rum
357 2831 398 2898 de
425 2832 587 2918 regimine
618 2833 896 2919 praepositionis(
918 2833 956 2897 in
987 2832 1226 2920 neglexerunt,
1265 2842 1299 2896 ut

169 2933 171 2938 ’
242 2917 430 3005 priscorum
448 2918 663 3006 patriciorum
686 2918 841 3004 exemplo
866 2941 923 2982 eos
946 2916 997 2981 his
1021 2917 1207 3006 plebiscitis
1230 2941 1299 2982 non

242 3003 352 3070 teneri
374 3005 555 3070 existimari
578 3005 726 3092 possit.“
770 3007 921 3068 Attamen
947 3004 1017 3089 ipse
1034 3005 1089 3068 ille
1110 3005 1161 3069 vir
1181 3004 1299 3068 doctus

270 3090 428 3156 rudentes
441 3114 507 3156 nos
524 3100 657 3166 monet,
680 3109 722 3154 ne
738 3088 771 3152 in
791 3089 992 3154 vindicandis
1015 3088 1066 3156 his
1083 3090 1299 3175 loquutioni·

242 3112 305 3239 bus
322 3179 418 3244 nimii
436 3179 556 3253 simus:
580 3187 612 3241 et
629 3175 811 3261 ¹Zumptius
835 3174 874 3238 ad
900 3174 968 3239 Cic.
981 3243 985 3252 ,
997 3177 1089 3240 Verr.
1105 3199 1139 3263 p.
1157 3179 1236 3273 808.
1260 3196 1301 3239 ne

144 3318 146 3322 ,
242 3261 276 3324 in
294 3259 450 3328 formulis
468 3262 602 3347 quidem
628 3261 863 3324 consuetudine
883 3261 1128 3347 comprobatis,
1150 3263 1216 3325 ntsi
1242 3283 1301 3325 co-

226 3345 356 3422 jdicum
372 3348 548 3410 auctoritas
572 3357 687 3433 cogat,
710 3342 1065 3413 recedendumccnset
1086 3369 1104 3409 a
1128 3367 1302 3431 gramma-

243 3429 308 3493 tica
325 3430 407 3518 lege.
450 3432 492 3495 At
508 3431 578 3517 ipsa
595 3431 674 3494 haec
690 3435 865 3496 auctoritas
891 3431 1044 3498 codicum
1069 3454 1141 3504 non
1166 3454 1303 3519 semper

242 3524 373 3582 tantum
391 3515 491 3596 valet,
514 3537 618 3602 quum
634 3517 757 3582 librarii
774 3517 808 3582 in
828 3519 1037 3582 restituendis
1062 3514 1218 3582 formulis
1245 3541 1303 3582 an·

243 3600 371 3699 tiqttam
395 3601 594 3688 elegantiam
622 3601 778 3667 affectare
803 3602 966 3667 solerentz
989 3603 1095 3667 immo
1120 3603 1190 3672 iam
1213 3605 1302 3668 anti·

137 3737 143 3745 ,
243 3706 376 3772 quiores
396 3689 627 3776 grammaticos
644 3688 745 3752 nimia
763 3687 940 3753 subtilitate
956 3689 1067 3776 lapsos
1088 3711 1180 3770 esse,
1204 3699 1302 3754 testa·

244 3782 299 3836 tur
315 3772 440 3837 Gellius
459 3782 494 3847 1,
513 3779 545 3839 1.
576 3772 616 3837 11.
638 3772 823 3838 Beneckius
850 3775 896 3838 ad.
914 3775 983 3840 Cic.
1005 3774 1045 3839 de
1069 3773 1157 3861 Imp.
1183 3776 1303 3860 Pomp.

242 3880 277 3946 p.
295 3862 370 3922 211.
389 3858 557 3937 Kritnius,
583 3859 640 3943 qui
664 3857 705 3922 ad
731 3859 860 3925 Sallust.
882 3858 952 3948 lug.
977 3865 1058 3939 112,
1083 3866 1114 3944 2,
1143 3861 1301 3925 omnibus

242 3941 392 4007 subtilius
414 3954 447 4009 et
469 3944 598 4009 doctius
623 3943 746 4009 dehac
773 3945 1027 4032 redisputavit,
1049 3945 1121 4010 iure
1144 3945 1303 4010 refutavit

243 4027 419 4096 archaismi
438 4032 682 4096 excusationem
706 4041 738 4095 et
756 4031 791 4096 in
810 4031 918 4117 ipsam
943 4031 993 4096 rei
1015 4049 1166 4096 caussam
1189 4031 1303 4118 inqui·
1368 4089 1369 4092 ,

243 4114 335 4198 sivit,
362 4126 534 4184 recurrens
557 4117 599 4210 ad
621 4111 854 4188 confasionem
874 4116 965 4188 illam
991 4117 1193 4202 nouorum,
1218 4138 1301 4212 quae
1368 4163 1369 4208 3
