2738 4730
811 265 853 296 U.

213 323 279 387 270
711 314 770 383 IN.
829 343 836 357 ·

282 488 314 528 ex
323 469 462 543 prooinm‘o
475 487 604 536 eoooaooe,
623 477 652 524 nt
666 471 699 524 iis
712 471 818 526 testibus
837 469 866 524 iu
880 485 985 525 summa
999 469 1128 540 pecuniae
1146 477 1275 527 Μαῖαν.

199 615 202 626 ,
283 557 302 612 i.
322 575 347 610 e.
367 557 396 610 in
416 573 524 610 summa
546 556 743 610 constituenda.
777 555 891 610 Sallust.
908 557 968 610 cao.
984 551 1037 623 51,
1051 553 1095 608 05.
1120 563 1200 624 atque
1222 573 1274 628 ego
1320 613 1323 620 ,

280 645 343 697 bueo
370 661 423 696 non
446 644 476 695 in
493 643 545 694 M.
558 643 660 706 Tullio,
684 659 763 710 neque
784 642 825 694 bis
850 641 1006 711 temporibus
1031 659 1128 695 maor.
1164 641 1222 698 cie.
1244 661 1272 712 p.

281 726 358 782 coel.
373 723 399 791 b,
417 726 460 780 14.
477 727 555 780 siouti
569 742 762 794 nonnumquam
780 727 914 780 innodent
932 727 1034 781 bomine
1056 743 1098 780 sne
1110 744 1212 797 quoque
1230 746 1273 780 er·

281 814 348 866 roris
367 813 419 866 snei
431 813 552 884 poenitet.
586 810 620 864 ad
643 810 721 864 Fam.
739 809 772 876 d,
788 809 821 876 8,
835 811 879 864 22.
896 827 948 864 non
968 813 1055 865 dicam
1073 813 1173 883 plura,
1191 829 1224 864 ne
1245 812 1272 864 in

286 916 336 968 pao
354 905 380 950 te
394 899 545 968 obiurgem,
558 897 587 949 id
605 897 691 966 ipsum
712 897 801 949 videar
817 895 930 949 imitari.
964 895 1056 950 Tacit.
1073 898 1143 951 Anu.
1158 896 1211 964 15,
1227 895 1272 950 44.

281 981 357 1038 baud
368 982 477 1051 perinde
490 983 518 1034 in
531 983 639 1034 erimine
650 982 763 1034 incendii
775 997 855 1049 quarn
871 982 932 1034 odio
946 982 1058 1036 bomani
1075 983 1189 1052 generis
1211 999 1273 1034 oon·

279 1068 342 1121 oioti
355 1074 425 1120 sunt.
460 1065 756 1132 cinidoniam.
776 1073 802 1119 et
814 1067 929 1136 primurn
950 1083 991 1120 nis
1010 1066 1061 1120 tibi
1082 1084 1171 1120 ereuso
1192 1068 1222 1118 in
1242 1085 1272 1119 eo

280 1152 350 1224 ipso,
375 1152 404 1204 in
421 1170 471 1221 quo
489 1159 516 1204 te
529 1168 629 1204 oowso.
665 1151 693 1204 in
710 1151 792 1205 citit.
814 1149 896 1217 2,’2,
912 1151 938 1205 ὃ.
959 1151 1005 1222 pui
1026 1151 1055 1204 in
1075 1150 1123 1204 boo
1145 1152 1222 1220 ipso,
1241 1151 1270 1203 in

280 1257 329 1308 qao
343 1237 454 1306 errabat
470 1243 493 1288 et
508 1236 656 1306 triumphat
671 1237 755 1289 oratio
774 1253 848 1302 mea,
867 1255 908 1289 rne
923 1235 1084 1290 aebementer
1098 1243 1203 1289 aeenret
1219 1242 1269 1288 ete.

280 1322 315 1376 do
330 1319 390 1374 Fin.
406 1318 471 1384 1‚t‚
486 1318 512 1372 4.
530 1320 663 1388 inquibus
680 1322 727 1374 boo
744 1321 862 1391 primunt
884 1328 935 1386 est,
951 1321 1052 1391 in‘quo
1074 1321 1198 1374 admirer.
1236 1320 1269 1372 ds

279 1406 341 1462 Nat
356 1405 382 1457 d.
397 1403 430 1468 2,
443 1403 494 1469 48,
511 1403 571 1457 124.
589 1405 618 1458 in
639 1423 689 1474 quo
710 1405 898 1459 admirandum
917 1411 965 1460 est.
1007 1403 1107 1474 virgil.
1132 1405 1185 1470 10,
1207 1404 1270 1460 440.

276 1497 360 1561 stupet
378 1479 516 1548 nisibeno.
551 1487 608 1544 cto.
623 1491 658 1542 ad
674 1485 792 1557 Fumi,
806 1489 850 1554 12,
864 1489 890 1542 2.
907 1507 959 1560 pua
972 1489 1000 1542 in
1013 1508 1042 1543 re
1056 1491 1106 1543 tibi
1119 1493 1250 1560 gratulor.
1287 1561 1290 1566 Ι

315 1593 373 1646 cic.
389 1592 424 1645 ds
438 1591 515 1646 Orat.
528 1593 562 1658 2,
575 1578 703 1660 (tntis.
721 1594 788 1663 quod
809 1593 878 1644 idem
899 1593 928 1644 in
950 1594 1013 1646 bono
1030 1611 1101 1646 seruo
1121 1594 1176 1646 diei
1193 1595 1270 1646 solet.

277 1680 312 1732 de
327 1677 435 1750 Leg.l,
452 1676 501 1743 19,
516 1677 559 1731 51.
577 1681 645 1748 quod
667 1679 731 1730 item
752 1676 789 1729 ud
810 1679 969 1730 eontrarium
993 1679 1096 1731 landem
1117 1679 1146 1731 in
1170 1680 1267 1733 uirtute

274 1767 328 1820 dici
346 1772 442 1836 potest.
476 1762 533 1817 Alii
554 1765 580 1816 in
598 1763 727 1816 uirtutem.
760 1761 834 1814 Illud
855 1767 913 1816 ests
933 1762 962 1816 in
984 1761 1131 1816 indicanda
1151 1762 1267 1816 virtute.

274 1833 443 1920 Interpietes
469 1843 593 1902 Terentii
617 1847 697 1900 varia
717 1847 901 1915 ooninndnnt,
919 1865 1003 1916 quum
1025 1847 1167 1900 affirmant
1189 1865 1267 1900 eom·

275 1939 339 1992 deon
353 1934 516 1990 sententiam
530 1950 590 1986 esse
606 1931 634 1988 in
649 1931 744 1986 verbis
767 1933 902 2004 disputare
925 1931 957 1985 di
974 1933 1123 2000 aliquare,
1142 1933 1209 2004 disp.
1230 1937 1268 1987 od

273 2007 389 2093 aiipuarn
409 2039 481 2086 rann,
501 2021 567 2089 disp.
580 2018 609 2070 in
630 2019 720 2088 aliqua
736 2033 774 2070 re.
804 2017 879 2071 Illud
903 2017 1024 2086 primum
1045 2017 1185 2088 significat
1204 2037 1267 2072 rem

272 2117 393 2166 tractura
408 2105 606 2175 disputatione:
625 2104 661 2156 ad
681 2103 878 2170 aliquantam
895 2110 986 2156 antem
1005 2103 1153 2156 adhibetur
1171 2105 1267 2174 dispa-

169 2195 172 2202 ’
273 2195 351 2250 tatio.
385 2192 441 2246 vid.
458 2188 757 2257 cic.Tu·c.a,9,18.
792 2185 847 2240 Sed
872 2188 1043 2256 disputamus
1064 2187 1093 2241 in
1116 2190 1212 2258 aliqua
1233 2207 1266 2244 rs

275 2278 448 2335 observanda
467 2277 515 2330 vel
534 2274 686 2328 indicanda.
721 2273 834 2327 Terent.
857 2265 941 2327 Andr.
963 2275 1039 2328 Prot.
1052 2272 1095 2325 15.
1112 2275 1141 2327 id
1163 2277 1206 2329 isti
1224 2280 1266 2329 oi-

274 2371 398 2438 tuperont
418 2367 525 2434 sactum
547 2369 626 2431 atque
646 2362 674 2414 in
697 2371 725 2414 eb
746 2361 882 2429 disputant
905 2359 1081 2413 contaminari
1101 2373 1157 2413 non
1175 2363 1266 2416 decere
1365 2423 1366 2440 ¹

286 2454 387 2508 obuios.

265 2459 288 2524 s
306 2549 442 2622 Progredi
457 2548 528 2602 solet
544 2543 632 2600 oratio
654 2543 747 2598 verbio
766 2545 794 2598 in
810 2563 867 2614 quo.
903 2545 962 2599 cic.
980 2545 1019 2618 ιιείΝ
1037 2547 1115 2600 Fam.
1137 2547 1170 2611 2,
1186 2545 1222 2612 9,
1237 2546 1263 2602 3.
1365 2525 1366 2536 ¹

271 2637 420 2692 incredibile
433 2635 480 2685 boo
487 2637 565 2700 foetu
582 2631 719 2682 obiicitur:
735 2638 838 2700 repente
855 2649 916 2684 oero
931 2631 1024 2684 incessi
1044 2633 1162 2684 omnibus
1183 2633 1264 2687 loeti-

270 2723 328 2776 stis:
348 2721 377 2771 in
393 2735 441 2787 quo
457 2735 537 2785 quum
547 2716 721 2785 obiurgator,
737 2717 806 2782 quod
821 2717 902 2768 nimio
918 2716 1019 2786 gaudio
1032 2733 1097 2785 pene
1106 2717 1264 2786 desiperem,

272 2807 313 2860 ita
333 2801 373 2857 me
388 2801 567 2871 defendebam.
602 2797 636 2850 de
660 2797 895 2864 off.1‚11,35.
917 2818 976 2853 meo
1001 2801 1102 2868 quidem
1122 2805 1262 2869 sententia,
1364 2847 1365 2850 ,

271 2891 342 2963 pati,
362 2904 429 2956 qaae
443 2885 511 2937 nibil
525 2884 647 2936 habitura
659 2885 694 2936 sit
708 2882 875 2952 insidiarum,
893 2901 993 2954 semper
1011 2893 1048 2938 est
1067 2889 1262 2941 eonsulmdurn.
1364 2931 1365 2940 ,

172 3036 175 3044 ,
271 2978 304 3031 ln
322 2991 371 3043 pao
393 2972 416 3024 si
438 2970 503 3022 mibi
524 2976 589 3022 esset
610 2970 816 3036 obtemperatum
834 2997 869 3012 ··
887 2971 1005 3040 aliquam
1021 2973 1210 3042 rempublicam
1226 3000 1262 3016 ..

269 3062 427 3118 teneremus.
463 3053 579 3133 Quintil.
594 3053 623 3119 i,
636 3051 662 3118 4,
679 3052 722 3110 1⁰.
794 3065 801 3080 ⁸

284 3175 338 3238 85.
366 3156 490 3234 Mnitne
515 3165 612 3230 huius
645 3165 774 3252 generis
805 3163 966 3232 dictiones
998 3165 1259 3255 proficiscuntur

202 3281 246 3325 ex
261 3255 420 3322 orationis
436 3251 661 3316 contractione
688 3273 725 3314 ac
741 3249 910 3316 brevitate.
952 3249 1039 3318 Nar'n
1060 3275 1165 3340 quum
1189 3249 1258 3318 hoc

202 3343 394 3412 moderes,
415 3339 449 3401 in
468 3356 531 3422 qna
548 3335 620 3422 quis
643 3335 771 3424 agendo
791 3349 953 3415 versatur,
979 3339 1178 3426 designanda
1199 3339 1257 3416 sit,
1363 3397 1364 3406 ,

178 3473 179 3476 ¹
202 3428 293 3518 quod
317 3421 493 3514 partieipia
516 3421 567 3486 vel
590 3419 653 3486 aiio
675 3423 812 3490 nomine
834 3423 963 3489 adiecto
987 3427 1182 3512 insignitur,
1215 3449 1256 3491 eo

151 3579 154 3588 ¹
200 3515 326 3579 omisso
340 3509 444 3576 ionum
460 3528 585 3574 noman
602 3529 678 3572 cum
692 3511 937 3598 praepositione
953 3510 991 3574 in
1007 3511 1258 3597 coniungimus.

200 3601 239 3668 Id
270 3597 342 3664 fieri
375 3595 485 3682 coepit
510 3594 550 3660 ab
579 3615 619 3658 eo
654 3597 800 3660 maxime
834 3605 1005 3684 tempore,
1045 3617 1112 3684 quo
1140 3597 1258 3685 lingua

197 3686 298 3754 latino
313 3685 465 3750 notiones
481 3678 681 3770 cogitatione
697 3680 857 3768 abstracto
876 3683 1063 3770 exprimere
1077 3682 1221 3749 solebat.

301 3803 362 3858 niv.
386 3801 437 3868 09,
454 3801 504 3867 25,
519 3799 546 3855 8.
572 3818 651 3872 opera
672 3819 760 3856 eorum
783 3802 813 3856 in
834 3803 966 3856 seruilibus
989 3805 1066 3858 abuti
1086 3804 1255 3860 ministeriis.

191 3902 196 3908 ’
265 3889 286 3946 i.
300 3908 326 3943 o.
342 3887 522 3957 imponendis.
555 3885 671 3956 Quintil.
691 3885 734 3951 10,
747 3882 774 3952 5,
791 3887 834 3938 ll.
857 3887 887 3940 in
902 3887 950 3941 boe
970 3889 1069 3960 optime
1084 3890 1192 3956 satient
1207 3889 1255 3944 io·

256 3976 353 4046 finitas
367 3975 533 4043 quaestiones.
551 3972 571 4025 i.
587 3988 612 4026 a.
629 3971 658 4024 in
671 3971 726 4025 hoe
740 3971 877 4026 faciendo.

303 4077 364 4130 Liv.
379 4075 406 4141 2,
421 4073 464 4142 bd,
478 4073 504 4128 4.
522 4077 551 4129 in
572 4077 668 4130 maleta
684 4081 860 4145 temperarant
882 4075 988 4128 tribuni.
1006 4065 1026 4130 i.
1045 4091 1069 4132 o.
1086 4073 1118 4132 in
1142 4078 1254 4135 molem

264 4160 460 4218 constituenda.
491 4161 523 4214 In
536 4161 583 4216 dor
596 4162 686 4232 Strato
701 4161 848 4234 uifiigten
861 4159 898 4216 rio
911 4159 975 4215 siob.
