2730 4720
583 264 672 351 labb
1083 282 1145 344 111

109 429 255 500 sonantis
267 447 392 498 sonum
403 423 560 508 transiret
578 433 610 492 et
625 423 659 491 ia
675 421 1052 513 quitastanvoeabalia
1069 451 1145 500 am·

108 515 244 605 biguum
265 537 361 584 usum
382 513 529 582 haberet·
572 507 1145 585 Gonf.SehaeideriG1smmat.1.
1227 563 1231 586 .

108 623 143 700 p.
158 604 232 668 285.
273 601 382 684 Quare
396 595 688 688 praetermittenda
703 597 764 664 erit
780 598 895 686 opinio
908 597 1063 676 Palmati,
1087 604 1145 689 qui
1240 637 1242 645 ·

105 709 140 752 aa
164 685 316 786 spicileg.
349 709 385 774 p.
408 687 484 748 747.
513 681 644 748 Gruter.
664 704 725 758 ue,
757 692 793 748 ut
814 683 880 763 ait,
908 682 1017 752 invitis
1039 685 1144 757 Musis

105 769 181 836 ia'm
193 795 229 838 m
245 771 324 838 duas
341 767 485 859 syllabas
502 765 746 848 distraheretur,
766 767 975 834 scribendum
992 791 1061 838 esse
1073 773 1146 838 exi-

105 857 260 922 stimabat
275 857 388 936 ieme,
412 852 689 940 quemadmodum
707 863 831 918 veteres
851 853 1010 926 dixissent
1034 879 1147 926 name.

91 941 240 1030 ·Syllaba
271 963 349 1018 am,
378 937 476 1024 quam
499 936 744 1004 Lindemannus
769 937 809 1002 de
829 936 1040 1006 adverbio‘s.
1061 963 1095 1028 p.
1112 947 1146 1008 7.

103 1026 315 1093 indefinitum
330 1022 517 1089 adverbium
532 1023 694 1112 appellat,
716 1022 784 1090 aliis
807 1023 1028 1090 videturesse
1050 1047 1148 1092 accu-

102 1114 244 1186 sativae,
267 1109 360 1174 sicuti
387 1107 490 1174 multa
514 1107 666 1172 adverbia
685 1107 719 1172 iu
743 1105 928 1174 formandis
949 1111 1147 1186 ,nominibus

103 1196 255 1295 adbibita
277 1197 350 1260 siut.
388 1192 426 1258 Id
447 1194 576 1291 negavit
591 1191 776 1294 Schmidiue
793 1193 828 1291 in
854 1193 942 1292 libro
965 1195 1006 1260 de
1019 1197 1149 1294 l’rono-

14 1337 16 1362 ‘
101 1277 901 1451 ttttlttd·atltttff‘tltlttttt
917 1280 1150 1432 ttttftt:

95 1451 296 1518 -rarbiorum
315 1459 482 1515 saturans
507 1470 607 1535 quare
622 1450 693 1536 ipse
716 1449 757 1512 ad
780 1473 853 1516 eam
879 1451 1073 1537 opinionem
1091 1475 1150 1518 re·

95 1536 208 1626 degit,
231 1547 269 1600 ut
284 1537 320 1604 in
334 1535 424 1610 ium,
445 1545 520 1601 tam
535 1545 566 1598 ct
584 1555 666 1620 quae
680 1544 757 1598 sunt
771 1534 899 1616 similia,
921 1535 1046 1604 deuios
1065 1559 1149 1624 pro-

101 1623 280 1688 nominum
296 1617 463 1688 obsoletos
480 1619 615 1706 agnosci
631 1620 750 1687 debere
774 1619 874 1686 dicat:
885 1621 934 1686 ¹in
956 1621 1149 1698 Gothorum

103 1708 193 1774 enim
218 1707 338 1796 lingua.
358 1707 448 1774 etin
478 1705 626 1772 litbuena
653 1705 799 1773 dativum
822 1706 965 1791 exprimi
988 1709 1149 1774 termina·
1243 1704 1248 1714 “

101 1794 195 1858 tione
210 1815 328 1858 amma
349 1801 381 1856 et
400 1814 476 1876 am,
498 1789 713 1878 eamdemque
728 1788 885 1857 ,formam
908 1793 1006 1858 etiam
1028 1793 1149 1864 latinae
1251 1813 1261 1888 j
1337 1819 1343 1826 ·

91 1878 236 1964 linguae
250 1877 423 1966 propriam
440 1877 520 1942 olim
535 1875 652 1955 fuisse,
672 1874 779 1944 sedin
801 1875 912 1960 paucis
933 1886 1062 1942 tantum
1089 1873 1150 1945 ad-

99 1963 225 2030 verbiis
239 1971 496 2032 staatamesss.
538 1961 655 2048 Neque
669 1961 763 2026 aliter
778 1961 975 2028 Wiillnerus
1001 1961 1041 2028 de
1057 1961 1151 2028 Casi-

100 2050 168 2114 bus
180 2069 223 2134 p.
237 2051 311 2112 211.
353 2049 447 2110 Atat
467 2067 526 2110 am
540 2045 682 2112 dativum
698 2046 837 2112 latinum
852 2046 933 2112 olim
956 2041 1056 2128 fuisse
1073 2071 1151 2114 cen-

100 2153 257 2211 seamus,
288 2129 441 2228 profecto
466 2152 635 2200 necessum
657 2133 736 2214 erit,
778 2141 814 2195 ut
844 2133 991 2221 analogia
1018 2135 1151 2220 inipso

89 2216 343 2304 ·lingualatma
368 2237 438 2280 non
459 2237 597 2302 prorsus
620 2217 837 2290 desideretur:
859 2217 1004 2306 alioquin
1026 2219 1151 2286 frustra

99 2315 302 2403 quaeremus
317 2301 447 2388 vestigia
461 2301 494 2366 in
512 2300 630 2399 linguis
650 2302 773 2376 alienis·
802 2297 1053 2376 formationes
1061 2304 1151 2371 enim

101 2388 229 2456 slmiles
254 2396 285 2451 et
309 2386 459 2472 aequales
481 2407 577 2483 saepe
600 2408 635 2450 an
656 2386 768 2450 multis
789 2385 908 2484 linguis
928 2390 1153 2480 reperiuntur,¹
1264 2447 1267 2460 ,

101 2495 189 2564 qaae
203 2471 473 2560 nisi-analogiam
487 2469 667 2557 legitimam
691 2469 834 2550 habent„
856 2473 1012 2558 sangulari
1034 2494 1152 2538 exem-

132 2549 251 2624 lbnon
277 2557 389 2642 poteris
406 2577 537 2632 norum(
555 2578 657 2644 genus
683 2556 849 2622 constitui.
890 2556 998 2623 Dativi
1022 2556 1151 2626 formae

102 2645 195 2713 rlliue
211 2579 303 2708 nulla
321 2641 453 2712 indicia,
465 2653 626 2730 apparent
649 2641 685 2706 in
699 2641 799 2708 latina
821 2641 953 2730 lingua,
972 2653 1006 2710 et
1025 2644 1053 2710 si
1077 2645 1151 2731 quis

103 2751 185 2797 cum
200 2725 350 2792 Scheidio
368 2725 455 2792 dicat
469 2738 543 2792 tam
562 2747 633 2803 esse
655 2726 859 2802 decurtatum
882 2739 1000 2811 tama,
1022 2751 1062 2801 eo
1081 2752 1164 2797 non.

103 2809 361 2890 demonstrabit,
380 2812 499 2900 latinae
513 2813 643 2898 linguae
658 2835 726 2878 esse
742 2811 886 2878 dativum
910 2814 946 2879 in
969 2837 1053 2880 amu
1077 2815 1151 2895 fors·

102 2899 277 2970 mendum.
327 2899 399 2983 Ego
419 2897 553 2984 quidem
576 2899 620 2962 ita
643 2898 683 2962 de
706 2898 767 2962 hac
795 2919 831 2964 re
863 2899 980 2964 sentio.
1022 2899 1151 2970 Adver-

103 2987 179 3067 bia,
202 3003 412 3069 quaercrum
434 2981 659 3047 conditionem
686 2993 719 3046 et
745 2982 933 3067 qualitatem
958 2983 1151 3080 significant,

103 3067 384 3162 ipsa'formantur
405 3085 466 3129 suo
494 3067 618 3141 modo,
640 3065 696 3130 sed
720 3087 817 3152 saepe
841 3066 887 3150 in.
902 3067 1152 3134 similitudinem

97 3155 294 3224 nominum.
345 3151 456 3232 Quare
480 3149 730 3214 terminationes
756 3171 937 3226 am,1am,
969 3150 1018 3216 im
1047 3150 1151 3239 quam

104 3240 307 3310 accusativos
335 3257 410 3302 ¹esse
441 3235 575 3313 dixero,
616 3231 813 3300 adverbiales
840 3235 1086 3304 terminationes
1114 3237 1151 3306 iu

104 3321 248 3396 modum
269 3321 440 3388 accusativi
463 3319 623 3386 formatas
653 3319 863 3389 intellexero.
913 3319 970 3386 Sic
996 3321 1151 3392 dicuntur

133 3411 246 3491 alam,
268 3407 378 3486 clem
402 3427 607 3494 perperam,
627 3416 720 3486 tam,
741 3427 865 3494 qaam,
887 3429 990 3483 aem,
1014 3408 1051 3474 in
1073 3411 1151 3496 qai-
1219 3445 1223 3451 ,

98 3435 170 3564 bus
185 3491 338 3560 omnibus
361 3500 451 3556 recte
476 3493 649 3557 statuimus
663 3512 729 3561 am
748 3513 817 3556 asse
840 3489 1059 3560 adverbiales
1079 3506 1150 3576 torf

106 3581 326 3652 minationem
341 3577 377 3642 in
392 3575 530 3660 modum
549 3575 721 3642 accusativi
733 3572 866 3644 factam.

192 3721 457 3798 Fundamentum
484 3723 728 3818 significationis
750 3749 945 3816 quaeramus
964 3715 1151 3818 in'syllaba

108 3817 144 3902 i,
171 3839 257 3905 quae
283 3817 399 3884 eadem
424 3827 562 3964 apparet
583 3816 617 3879 in
639 3815 687 3893 is,
715 3811 827 3898 idem',
854 3813 919 3897 iti,
949 3813 1013 3880 ita.
1063 3813 1151 3895 Haec
1224 3877 1228 3886 ,

108 3905 223 3971 omnia
236 3901 359 3970 habent
377 3901 444 3966 vim
485 3893 679 3980 elinitivam,
701 3922 784 3986 quae
805 3901 842 3965 in
864 3923 899 3966 se
920 3899 1038 3987 recipit
1061 3897 1151 3962 rela-

107 3991 213 4058 tivam
241 4009 314 4054 cam
335 3986 517 4063 rationem,
549 3979 613 4073 qui
637 3981 758 4086 aliquid
788 3985 837 4051 ad'
853 3986 1088 4078 'praedicatum
1106 3981 1154 4046 ite

108 4072 275 4158 relatur,
298 4080 336 4140 ut
350 4065 495 4140 resbais
509 4107 553 4124 -
566 4069 640 4160 qui,
660 4069 708 4138 ibe
720 4106 765 4153 ,ι-
780 4069 839 4140 abe'
861 4079 973 4138 totum
993 4067 1150 4135 iudicium
