2812 4732
223 291 288 352 sao
422 235 423 242 Ν
714 286 773 352 ru.
832 373 836 383 Ι

222 452 318 506 stem.
353 437 408 503 ubi
431 439 659 528 Wopkensius
694 439 813 526 corrigi
841 436 1059 504 iubet‘in'ter.
1103 439 1162 506 Est
1195 467 1274 510 vero

223 524 389 590 discedere
403 524 533 590 hostem
550 528 584 591 in
597 536 707 613 partes
725 525 863 590 Arminii
880 535 912 588 et
931 523 1084 610 Segestis.

304 682 356 744 51.
377 677 415 742 In
432 699 584 744 mensura
602 677 784 742 definienda
800 677 936 757 additur
954 679 1133 745 altitudinis
1151 681 1202 745 vel
1220 682 1271 745 la·

220 764 369 828 titudinis
393 785 528 848 noman.
574 765 639 830 Sed
669 765 730 826 dici
757 773 889 850 poterat
913 774 944 826 et
968 765 1006 828 in
1030 767 1217 830 altitudine
1241 779 1275 831 et

219 849 258 912 in
285 849 515 914 altitudinem.
565 851 656 915 Libri
680 850 793 936 scripti
821 861 995 936 utramque
1025 850 1173 916 formam
1200 853 1271 918 fere

219 937 342 1022 ubique
359 935 534 1016 exhibent,
557 959 617 1000 nec
634 947 724 999 certo
743 944 937 1022 argumento
964 938 1119 1001 constitui
1162 941 1271 1019 otcrit,
1371 977 1372 1002 3

217 1021 330 1085 utrum
349 1031 502 1107 praestet.
547 1021 589 1088 cf,
608 1021 824 1108 Oudendorp.
847 1021 886 1085 ad
911 1021 1000 1084 Caes.
1015 1021 1053 1086 B.
1079 962 1158 1108 gali

1147 1030 1270 1104 .a,o.
1371 1037 1372 1064 ι

164 1117 167 1123 “
217 1108 436 1192 etad7,46.
480 1107 626 1192 Vtraque
653 1106 763 1170 forma
788 1118 862 1193 apta
887 1105 1015 1170 videtur
1039 1109 1204 1195 iis,quae
1230 1110 1270 1174 de
1371 1157 1372 1160 η

216 1193 423 1270 exstruendis
441 1194 597 1278 operibns
615 1192 664 1256 vel
683 1194 785 1256 muris
802 1194 852 1256 vel
869 1192 966 1256 fossis
984 1193 1148 1258 dicuntur.
1181 1197 1268 1258 Haec
1371 1193 1372 1254 i

215 1279 353 1428 animuin
368 1278 608 1364 longitudinem
628 1279 725 1342 etiam
743 1279 986 1366 perducuntur,
1009 1279 1044 1342 in
1061 1279 1266 1344 altitudinem

215 1375 292 1428 exto
322 1375 431 1426 untur.

316 1501 347 1552 ln
356 1499 435 1552 Caes.
446 1501 479 1553 Β.
489 1499 556 1568 gall.
565 1498 592 1564 2,
599 1497 625 1553 5.
643 1499 750 1552 codices
758 1517 866 1553 omnen
887 1509 975 1554 castra
982 1503 1011 1554 in
1020 1501 1158 1554 altitudine
1167 1502 1265 1570 pedum

280 1585 620 1653 duodecimuallofossuque
639 1587 818 1655 duodeuiginti
824 1588 918 1654 pedum
927 1589 1027 1638 munire
1035 1587 1113 1638 iubet.
1131 1583 1192 1649 1‚8.
1207 1604 1265 1638 nru-

279 1687 339 1724 rum
351 1671 379 1720 in
392 1669 560 1721 altitudinem
574 1669 668 1737 pedum
681 1671 790 1721 sedecim
797 1675 950 1738 fossamque
961 1671 1088 1738 perducit.
1111 1669 1137 1734 2,
1152 1669 1196 1720 46.
1212 1688 1265 1722 πισ-

276 1756 320 1806 dia
336 1759 399 1822 fere
418 1755 481 1806 colle
498 1754 527 1804 in
542 1753 746 1822 longitudinem,
764 1761 794 1804 ut
809 1760 911 1806 natura
925 1755 1016 1806 montis
1037 1756 1139 1822 ferebat
1155 1755 1190 1794 -'
1206 1772 1264 1807 mu-

278 1850 336 1892 rum
351 1867 385 1879 —
399 1840 591 1907 proeduwant
609 1838 689 1889 Galli.
714 1837 747 1901 2,
764 1835 790 1888 Ί.
807 1839 919 1906 amplius
935 1839 1047 1889 millibus
1065 1857 1189 1907 passuum
1206 1847 1261 1892 octo

275 1927 306 1978 in
321 1926 490 1977 latitudinem
504 1925 641 1991 patebant.
666 1921 730 1974 vide
747 1922 884 1973 Drakeub.
900 1922 935 1974 ad
949 1922 1009 1974 niv.
1024 1920 1069 1986 38,
1084 1921 1127 1988 59,
1146 1923 1172 1976 6.
1191 1923 1261 1978 Pliu.

275 2009 350 2062 nin.
367 2027 393 2059 n.
407 2007 438 2070 6,
454 2006 504 2070 nt,
520 2005 563 2056 32.
582 2007 702 2059 emunito.
714 2007 765 2058 situ
781 2007 873 2071 iusta,
892 2008 919 2059 iu
938 2008 1128 2076 longitudinem
1142 2009 1185 2062 ΙΙΙ
1197 2012 1260 2063 mill.

169 2126 171 2135 ·
273 2111 345 2162 pass.
362 2095 388 2144 in
405 2093 568 2142 latitudinem
581 2092 673 2159 paullo
688 2093 782 2142 minus.

308 2193 508 2246 Existimabant
523 2193 698 2262 grammatici
721 2193 775 2246 dici
790 2208 868 2262 posse
883 2199 934 2245 tres
946 2194 1025 2262 pedes
1040 2194 1067 2246 in
1086 2196 1212 2265 longumr
1230 2200 1259 2248 et

274 2279 366 2332 Iacob.
385 2278 537 2332 Gronovius
554 2279 580 2330 id
596 2279 736 2333 concludit
758 2296 792 2330 ex
814 2277 906 2330 verbis
924 2279 1017 2330 Melas
1035 2277 1127 2343 1,2u.
1154 2283 1256 2348 obliqua

272 2372 334 2418 tune
348 2365 423 2433 regio
438 2372 463 2417 et
479 2365 508 2416 in
524 2366 605 2416 latum
620 2365 834 2433 madiacpatens:
852 2379 923 2431 quae
940 2362 973 2415 ad
989 2379 1023 2414 ea
1038 2362 1138 2414 reterri
1150 2365 1256 2426 debent,

232 2437 239 2454 '
275 2449 310 2501 do
333 2449 430 2518 quibus
449 2466 497 2502 nos
517 2467 543 2502 n.
559 2449 602 2501 13.
645 2449 723 2516 Apud
742 2448 803 2500 Liv.
826 2447 878 2512 21,
894 2445 928 2512 8,
944 2447 988 2498 11.
1007 2447 1073 2498 olim
1093 2448 1255 2516 legebaturs

266 2541 371 2604 ferrum
384 2543 468 2587 autern
483 2543 536 2588 tres
550 2535 579 2584 in
595 2535 705 2602 longum
727 2533 840 2584 liniebat
855 2533 951 2600 pedes>
977 2531 1032 2584 Sed
1047 2531 1177 2584 meliores
1192 2531 1256 2586 libri

270 2621 297 2670 iu
314 2620 459 2681 omittunt,
478 2623 508 2668 ut
517 2622 620 2684 serrum
640 2617 674 2667 sit
693 2616 866 2670 accusativus
889 2633 976 2670 casus.
1009 2615 1131 2669 Saeculo
1151 2625 1255 2686 postra-

269 2720 314 2754 mo
329 2709 420 2754 tamen
435 2700 505 2752 illud
520 2699 604 2752 otiam
617 2702 808 2767 usurpabatur.

133 2911 138 2921 ,
198 2907 199 2914 ,
282 2849 339 2913 52.
357 2847 530 2912 Adiectivis
551 2847 694 2934 praefixa
710 2850 914 2935 praepositio
931 2848 1056 2912 format
1079 2851 1252 2914 notionem

199 2933 495 3034 modalcmpquae
520 2937 618 2998 etiam
652 2933 806 2999 adverbio
838 2936 983 3022 exprimi
1018 2945 1141 3022 potest.
1189 2933 1250 2996 Hic

84 3029 89 3032 “
199 3039 276 3083 usus
292 3022 330 3084 ad
347 3044 470 3086 seriora
488 3021 633 3084 maxime
659 3031 810 3108 tempora
836 3025 967 3101 attinet,
989 3021 1023 3083 in
1047 3021 1164 3106 quibus
1186 3042 1250 3082 no-

198 3126 257 3169 vae
279 3105 409 3171 formae
431 3110 580 3172 inventae
610 3120 687 3170 sunt
721 3106 762 3170 ad
788 3106 1017 3181 minuendum⁴
1035 3107 1164 3192 liuguae
1193 3107 1249 3169 in-

146 3221 150 3227 ·
198 3193 329 3276 opiam,
363 3203 418 3255 aut
445 3215 486 3256 ex
510 3214 625 3278 graeca
648 3192 759 3278 lingua
785 3192 971 3256 translatae.
1015 3192 1132 3256 Graeci
1158 3190 1248 3254 enim

182 3278 226 3351 ’ἐς
242 3279 333 3358 μέσον
349 3277 516 3362 (Theogn.
527 3282 626 3356 679.),
641 3279 684 3352 εἰς
697 3272 810 3358 κοινόν,
825 3277 1012 3362 'similiaque
1025 3276 1158 3340 hube'nt.
1192 3275 1248 3338 Sic

195 3363 315 3425 dicitur
330 3363 367 3427 in
382 3363 591 3436 uniuersum,
615 3362 652 3426 in
674 3375 800 3438 totum,
824 3363 863 3426 in
891 3385 1084 3442 commune,
1107 3363 1145 3426 in
1162 3360 1246 3446 ple-

193 3469 295 3520 nam.
337 3447 510 3510 Sallustius
534 3447 600 3510 iarn
624 3447 662 3510 in
680 3449 798 3518 ¹maias
823 3447 994 3512 celebrare
1020 3449 1121 3526 dixit,
1155 3444 1248 3530 quod

192 3531 406 3618 Thucydides
425 3539 459 3614 1,
477 3538 531 3598 21.
552 3534 600 3596 ud
621 3530 653 3596 ed
671 3533 772 3614 μἐῖζον
794 3541 926 3614 κοσμεῖν.
971 3533 1067 3618 Apud
1092 3531 1122 3598 Τ
1124 3531 1246 3596 anitum

193 3618 290 3682 etiam'
307 3641 392 3684 nova
408 3615 566 3706 quaedam
582 3619 745 3698 invenies,
768 3619 856 3682 utin
875 3616 1070 3684 bardarum.

295 3753 443 3812 Arusianus
461 3755 567 3808 Moesus
589 3773 615 3825 p.
630 3751 689 3810 530.
714 3754 742 3806 in
760 3756 845 3807 maius
873 3755 974 3810 audiuit
998 3772 1045 3822 pra
1067 3752 1126 3820 plus
1153 3768 1242 3820 quan

260 3839 339 3891 Corsi.
362 3841 532 3908 Oudendorp.
555 3846 583 3892 ct
609 3837 717 3891 Curtius
742 3839 778 3892 ad
801 3841 904 3915 Lucan.
925 3839 959 3903 1,
980 3837 1024 3891 eu.
1050 3836 1188 3890 lloeleruc
1211 3835 1241 3887 in

190 3917 192 3922 ¹
257 3925 351 3978 Wolni
366 3927 487 3976 Analect.
505 3923 530 3976 4.
549 3941 576 3991 p.
592 3922 653 3974 332.
757 3938 758 3941 ’

288 4025 348 4080 niv.
365 4025 398 4090 u,
413 4026 462 4098 23,
479 4025 505 4080 8.
523 4045 576 4080 non
592 4025 760 4090 nominatim,
779 4027 833 4094 qui¹
847 4027 967 4093 Capuae,
984 4024 1073 4076 sedin
1089 4023 1238 4078 uniuersum

208 4143 211 4150 ι
255 4111 299 4177 qui
314 4129 423 4180 usquam
438 4112 546 4164 coissent
559 4111 765 4164 coniurassentve
782 4111 902 4166 adversm
920 4122 974 4161 ram
989 4108 1129 4176 publicum,
1145 4105 1238 4174 quaeri
1265 4153 1267 4158 ,
