2738 4730
575 317 634 386 ru.
740 279 800 410 {¹
912 285 914 292 '
1078 325 1152 406 arr

144 436 149 440 ι
189 471 288 530 lustin.
303 469 385 539 8,(1,
403 463 428 526 l.
454 460 580 542 quosaam
599 475 665 534 betto
681 481 769 545 ruptos
785 436 1021 545 ta‘wppteaeett·
1040 432 1144 531 urbium
1164 453 1169 464 Ι

151 561 256 615 dletdr't.
274 557 295 610 i.
312 575 338 610 e.
352 557 426 611 inter
441 557 633 627 supplementa
646 560 757 613 urbium
771 565 908 638 reseptos.
1123 553 1125 566 '

187 664 219 714 la
237 636 453 714 mundatis-dare
473 665 515 714 est
540 661 713 716 committere
734 663 873 717 mandate.
907 661 966 716 Neo
987 667 1076 731 potest
1098 665 1141 718 di*

150 752 224 800 atum
248 745 338 814 putari
360 761 411 812 pra
430 747 495 799 inter
516 748 649 800 mandata
671 749 737 802 otia.
778 745 1075 816 Plant.dmph.1'rol.
1095 749 1139 802 81.
1229 751 1232 756 '
1268 809 1274 830 Ι

148 835 309 900 torqueque
325 831 405 883 etiam
419 832 457 882 mi
475 831 505 882 r'rr
520 827 653 884 mandatis
668 832 742 886 dedit
757 842 842 902 pater.
875 835 954 888 Caes.
972 836 1007 888 Β.
1027 833 1096 902 gall.
1112 835 1139 900 1,
1195 863 1202 884 .

147 914 191 970 43.
205 916 352 1004 postutapr't
369 913 461 969 deiode
474 918 582 983 eadem,
595 928 666 986 'pue
680 919 774 989 legatis
789 919 817 971 ἐπ
829 920 961 973 mandatis
976 920 1091 974 dederat.

109 1051 112 1056 ’
164 1055 220 1120 45.
242 1052 416 1132 Quaedam
437 1055 673 1118 nominassem
697 1054 759 1118 hae
783 1055 1031 1142 praepositione
1054 1077 1139 1120 eon-

76 1141 189 1204 iu'ncta
207 1141 361 1206 notiones
379 1137 612 1204 adverbiorum
629 1152 804 1228 praestant,
819 1142 909 1226 quod
925 1164 1023 1229 saepe
1039 1135 1152 1206 etiani'

78 1226 228 1314 simplici
246 1223 387 1298 ablativo
404 1223 562 1304 efficitur,
580 1231 777 1314 praesertim
795 1227 908 1291 addito
925 1228 1096 1294 adiectiro.
1140 1278 1145 1289 .

184 1347 253 1398 Cato
277 1344 312 1397 de
334 1345 369 1397 R.
385 1361 408 1396 r.
426 1342 469 1397 40.
494 1347 651 1399 sumturum
670 1372 704 1388 -
719 1348 748 1398 r’a
764 1347 856 1401 ordire
877 1349 960 1402 serito.
977 1349 1050 1418 quod
1068 1347 1142 1402 alibi

145 1431 216 1503 {atto
232 1431 330 1502 ordine.
363 1431 463 1500 virgil.
479 1432 538 1484 not.
552 1431 579 1496 7,
595 1431 638 1484 20.
702 1433 707 1450 ‘

180 1533 283 1585 Vellei.
304 1533 336 1585 P.
359 1533 393 1600 2,
410 1533 471 1587 126.
490 1537 585 1587 borum
606 1534 715 1594 sedecim
736 1550 866 1586 unaarum
885 1551 964 1610 opera
984 1535 1041 1603 pais
1057 1561 1093 1578 -·
1109 1537 1137 1590 r‘a

133 1619 260 1690 partibus
271 1619 417 1686 eloquatur.
451 1618 634 1690 Ruhnkenlus
647 1637 710 1672 earn
725 1619 821 1673 Verrio
838 1617 998 1672 abiecerunt
1014 1621 1052 1674 r'a.

178 1719 302 1777 Barbari
319 1720 414 1776 dieunt
430 1721 459 1776 r'a
474 1725 576 1796 specte,
593 1723 621 1777 r'a
634 1740 740 1794 gerere.

157 1877 217 1947 46.
239 1876 406 1944 Adiectira
422 1877 602 1964 praemissa
619 1874 868 1966 praepositione
884 1873 923 1940 in
936 1894 1000 1961 pro
1011 1873 1136 1940 adver-

6 2017 7 2022 ,
70 1961 137 2026 biis
162 1963 373 2050 usurpabant
396 1963 588 2050 posterioris
612 1964 679 2029 aeri
704 1956 987 2049 scriptores,'nisi
1011 1960 1136 2026 librarii

66 2047 281 2114 recentiores
305 2071 399 2113 esua
419 2048 656 2114 consuetudine
677 2049 776 2126 etiam
798 2047 880 2111 ha'ee
902 2045 997 2111 novis
1015 2045 1135 2111 formis

66 2133 337 2218 interpolorunt.
381 2134 436 2198 Sia
452 2135 489 2198 ia
507 2132 619 2216 breui,
642 2136 681 2199 ia
703 2135 836 2220 primo,
858 2131 894 2196 h.
910 2154 939 2196 e.
961 2132 1001 2196 ab
1026 2133 1135 2197 initio.

64 2221 187 2284 Nemo
207 2227 320 2283 tamen
343 2241 410 2284 non
437 2220 615 2308 distinguet
633 2221 672 2285 ia
693 2221 825 2305 primo,
849 2217 940 2304 quod
967 2241 984 2281 o
1010 2218 1055 2282 ud
1074 2219 1135 2294 ¹Li·

65 2302 166 2370 'vium
192 2303 342 2392 aliosque
364 2306 484 2390 legitur
507 2328 568 2394 pro
593 2307 630 2372 ia
650 2307 765 2392 prima
782 2299 925 2392 ugindne
943 2241 1007 2367 vel

66 2391 138 2468 vid.
157 2391 315 2456 Gronov.
333 2391 373 2454 ad
388 2393 458 2456 niv.
476 2397 527 2471 10,
544 2393 660 2471 14,17.
684 2393 777 2455 Cort.
792 2401 824 2452 et
839 2387 987 2452 Kritzius
1005 2388 1045 2452 ad
1062 2389 1136 2452 Sal-

63 2476 360 2562 tust.1ug.68‚4.
403 2477 449 2542 Ia
466 2477 607 2564 privato
632 2477 751 2543 dicitur
767 2497 831 2564 pro
854 2472 1076 2541 substantivo:
1098 2475 1138 2539 ia
1170 2542 1175 2550 .

59 2563 257 2650 proximo:
287 2562 352 2629 vid.
377 2563 470 2628 Cort.
497 2562 536 2626 ad
556 2562 689 2628 Sallust.
702 2561 776 2648 lug.
797 2563 857 2638 59,
875 2563 907 2622 2.
936 2559 974 2623 ia
996 2559 1138 2640 occidte,

66 2650 165 2736 quod
192 2649 275 2714 alias
291 2661 444 2715 secreto.-
466 2649 533 2714 rid.
552 2648 775 2734 Oudendorp.
793 2645 832 2710 ad
852 2646 944 2710 Caes.
961 2647 1043 2710 Reli.
1060 2645 1137 2732 gall.

66 2743 105 2816 1,
132 2741 192 2801 51.
230 2735 270 2798 ia
297 2747 484 2822 promptu.-
528 2735 592 2804 vid.
623 2738 774 2802 Gronov.
810 2730 951 2798 Distrib.
983 2734 1020 2798 in
1054 2733 1137 2797 Stat.
1228 2733 1231 2739 '

63 2827 199 2910 pros.
224 2821 341 2908 (son).
914 2877 915 2883 t
964 2875 968 2881 „
1061 2857 1064 2865 .

169 2940 318 3005 Florusl‚
333 2940 361 3005 1,
377 2939 420 2993 15.
438 2941 523 2992 auctis
538 2941 565 2992 r'a
582 2940 652 2992 breui
664 2941 772 3027 op'rr'bus.
806 2938 855 2992 ste
870 2936 1005 3006 praebent
1021 2937 1137 2991 codices.
1171 2952 1176 2969 ‘

135 3029 175 3082 ai.
200 3025 356 3080 Ruhnken.
374 3025 407 3076 ad
425 3025 524 3076 Vellei.
543 3025 577 3078 Ρ.
594 3025 621 3089 2,
637 3023 682 3088 01,
699 3023 726 3076 2.
750 3021 798 3074 ubi
820 3025 972 3075 Rhenanus
991 3019 1082 3073 deditz
1107 3023 1137 3078 r'a

131 3115 214 3170 breui
228 3112 390 3176 informem
408 3110 471 3161 iusti
493 3111 574 3160 eor'ere
591 3109 727 3160 exereitus.
759 3107 854 3160 Potest
876 3103 999 3172 intelligi
1014 3113 1137 3174 tempore,

131 3199 215 3256 intra
233 3197 323 3248 breve
338 3199 462 3262 tempus:
481 3179 530 3246 sed
553 3209 633 3248 nemo
657 3192 832 3260 antiquorum
852 3189 1017 3258 scriptorum
1032 3189 1074 3244 ita
1090 3193 1135 3246 lo·

130 3293 245 3356 quatuo
266 3285 315 3332 est.

163 3366 273 3443 lustin.¹
290 3380 340 3445 12,
357 3379 390 3445 ¹1,
406 3379 433 3432 1.
462 3381 529 3449 quod
550 3380 587 3432 ἐπ’
598 3374 685 3449 prima
705 3395 737 3432 er
756 3379 856 3449 persice
882 3377 1018 3450 superbiae
1044 3377 1136 3448 regiae
1163 3367 1164 3373 ¹

128 3465 212 3530 more'
228 3469 381 3524 distulerat.
415 3466 483 3518 Esse
498 3452 592 3518 dieunt
606 3465 695 3531 initio,
713 3465 845 3532 primum:
863 3458 933 3530 qudd
954 3464 1085 3515 obhorret
1099 3462 1135 3516 ab

127 3558 346 3626 antiquousur
371 3557 400 3604 et
424 3551 532 3604 codices
556 3565 610 3600 nan
631 3547 714 3616 panai
737 3535 869 3600 omittunt
895 3541 1135 3618 praepositionem.

126 3645 222 3699 Falsa
237 3637 327 3707 igitur
342 3643 403 3689 erat
418 3636 572 3704 scriptura,
590 3650 673 3699 quam
688 3633 742 3686 lac.
761 3635 882 3687 Gronov.
900 3631 1008 3701 recepit
1024 3631 1053 3684 in
1073 3633 1134 3685 Li'v.

126 3730 156 3795 8,
178 3727 229 3790 33,
248 3722 292 3776 10.
314 3723 350 3774 ibi
364 3723 393 3774 r'a
408 3723 494 3789 primo
505 3739 560 3772 aaa
569 3722 630 3772 ram
643 3726 785 3789 perpetuae
803 3721 932 3776 orationes
953 3737 1032 3787 qaam
1053 3720 1134 3771 atter-

125 3815 202 3868 eutio
233 3807 452 3862 exaudiebantur.
478 3809 506 3858 et
528 3821 578 3868 ea,
605 3821 688 3874 quarn
711 3821 784 3854 nune
805 3803 949 3872 vulgatam
969 3803 1093 3854 videmus
1107 3800 1135 3852 in

130 3899 202 3954 Liv.
218 3893 260 3954 2,
275 3889 329 3954 40,
345 3889 371 3942 a.
396 3892 422 3942 ia
437 3891 521 3959 prima
539 3915 575 3932 ·-
591 3885 674 3942 multo
696 3889 852 3940 obstinatior
870 3890 995 3942 aduersus
1012 3887 1136 3940 lacrimae

128 3981 284 4038 muliebres
300 3984 368 4028 erat.
405 3974 585 4028 scribendum
603 3973 754 4042 estpquod
776 3977 865 4025 exstat
885 3971 914 4025 in
934 3974 1040 4028 duobus¹
1060 3968 1135 4021 eodi—
1234 3973 1249 3994 “’

129 4069 222 4121 cibus
239 4063 266 4116 r‘s
280 4063 374 4131 primo.

167 4167 298 4224 Alienae
315 4161 505 4220 ratlanb'sunt
518 4163 604 4218 rerba
625 4163 748 4218 &nesae
762 4161 854 4230 Epist'
865 4160 935 4227 108,
950 4156 994 4214 20.
1012 4154 1135 4224 quemod-

1013 2305 1135 2375 latera.
1236 2335 1240 2344 ·
