2730 4720
529 315 694 386 IGITVR.
879 349 882 362 ,
1048 417 1053 443 Ι
1075 327 1138 394 193

87 469 226 538 efficitur
240 471 456 559 monstrativa
476 471 528 554 vi,
551 491 635 556 quae
660 469 819 538 dissoluta
842 473 1000 559 orationis
1023 497 1138 545 mem·

85 558 144 622 bra
161 559 413 646 comprehendit
441 568 473 623 et
496 559 608 622 nectit.
650 557 891 648 Distinguimus
915 558 993 626 vead
1010 585 1134 650 paren·

84 643 193 709 thesin
218 665 307 721 eam,
329 655 407 734 post
435 663 535 730 qnam
556 641 664 723 idem,
696 644 788 732 quod
812 655 888 709 ante
907 646 1029 712 dictum
1051 663 1131 729 erat,

82 752 209 796 nomen
232 729 353 796 iterum
376 731 532 817 ponitur,
567 738 598 792 et
621 750 711 810 eam,
741 734 807 816 'qua
831 732 1002 797 interiecta
1025 740 1130 802 oratio

82 818 193 904 pergit
207 838 275 880 non
292 816 412 882 eodem
429 815 530 880 verbo
554 818 716 901 repetito,
739 827 771 880 et
793 815 1049 904 digressionem,
1074 822 1132 890 ubi

50 897 54 905 ’
80 901 220 983 recurrit
228 907 335 966 oratio
347 901 386 965 ad
403 901 448 982 id,
465 897 554 988 quod
565 899 718 988 scriptori
736 905 911 988 praecipue
920 914 968 968 est
984 914 1133 970 tractan-

82 988 174 1053 dum.
196 986 506 1052 Coaf.Gronov.ad
518 985 588 1051 Liv.
608 987 932 1069 1,12,2.‘adsenec.
952 989 1133 1072 deleane.

78 1069 190 1139 Daris.
209 1072 249 1136 ad
269 1073 338 1136 cie.
357 1072 397 1136 de
419 1072 490 1138 Fin.
513 1078 551 1151 1,
571 1075 612 1153 -6,
639 1077 689 1138 19.
722 1073 855 1138 Curtius
880 1074 920 1138 ad
938 1075 1005 1140 Cic.
1020 1077 1131 1166 'Epist

80 1163 252 1240 15,10,1.
274 1154 444 1240 Drakenb.
473 1157 514 1234 ad
540 1154 690 1222 5111111.
716 1162 767 1239 14,
790 1161 864 1224 441.
885 1157 1068 1249 Heusinger
1091 1165 1132 1229 ad

78 1245 150 1309 Cic.
169 1244 209 1308 de
225 1239 291 1308 011.
319 1247 458 1326 1,1,3.
488 1242 646 1308 Matthiae
669 1243 852 1309 Miscellan.
876 1251 907 1310 2.
931 1269 966 1334 p.
992 1252 1043 1314 92.
1067 1271 1130 1314 nos

76 1330 183 1395 Tom.
211 1334 239 1393 1.
271 1333 400 1416 p.569.
430 1327 548 1394 Graeci
580 1326 703 1393 habent
734 1331 932 1396 vocabulum
958 1323 1026 1398 adv.
1064 1335 1130 1414 vid.

74 1411 253 1480 Heindorf.
278 1413 318 1480 ad
341 1416 420 1479 Plat.
444 1413 523 1502 Lys.
546 1415 598 1478 52.
631 1417 736 1500 Gorg.
765 1421 814 1480 10.
870 1415 987 1482 Nolim
1018 1429 1131 1486 tamen

75 1501 168 1565 hunc
183 1517 281 1564 usum
308 1522 460 1565 coercere
481 1499 611 1586 regula,
632 1521 731 1586 quam
754 1499 912 1566 Matthiae
939 1503 978 1568 ad
1004 1503 1073 1568 Cic.
1096 1529 1131 1593 p.

74 1587 149 1653 Mil.
177 1591 238 1666 29,
261 1591 315 1652 79.
341 1585 494 1652 tradidita
525 1585 590 1649 hoc
614 1585 719 1650 modo
740 1586 906 1652 redordiri
932 1588 1130 1671 orationem,

75 1673 208 1760 quando
235 1693 297 1754 ea,
319 1691 403 1760 quae
427 1671 563 1736 dicenda
587 1669 672 1750 sint,
700 1671 822 1755 exiis,
846 1695 929 1759 quae
960 1673 1131 1743 interiecta

74 1762 153 1838 sint,
171 1760 263 1846 sequi
277 1757 527 1844 quodammodo
544 1754 727 1822 videantur.
768 1753 842 1845 Ipsa
859 1759 1023 1908 racemata,
1047 1781 1130 1849 quae

53 1845 291 1924 multarunt,
314 1846 518 1909 contrarium
535 1841 669 1908 docent.
712 1843 848 1930 Exque
870 1865 948 1908 vero
991 1847 1129 1911 uiuslo-

72 1929 246 2016 quationis
263 1927 375 1994 forma
391 1930 494 2015 magis
509 1929 641 2014 cognita
656 1936 717 2008 est,
733 1929 837 1994 critici
853 1949 925 1993 eam
940 1930 979 1993 ad
997 1929 1128 1998 alienis-

70 2013 275 2083 simaverba
296 2015 477 2079 transferre
505 2014 631 2078 scienta
664 2015 759 2079 sicuti
783 2013 976 2081 factumest
999 2017 1036 2082 in
1061 2019 1128 2084 Cic.
1172 2023 1174 2032 ‘

69 2101 183 2168 11111.
197 2105 231 2182 e,
246 2101 278 2182 e,
295 2101 346 2164 ea.
367 2101 399 2184 a,
418 2104 449 2184 a,
468 2103 521 2164 aa.
543 2097 586 2165 de
601 2097 673 2165 ain.
689 2105 721 2182 r,
736 2103 765 2178 7,
782 2105 836 2166 eo.
903 2137 907 2147 ,
1042 2119 1045 2126 v

188 2247 246 2307 otc.
272 2253 306 2308 de
329 2250 435 2322 11111,
456 2250 501 2320 14,
522 2248 566 2308 45.
593 2261 663 2308 reeta
675 2253 776 2322 effectio
789 2249 980 2324 (κατόρθωσιν
1004 2254 1072 2310 erdra
1087 2257 1129 2310 ita

142 2339 263 2407 appella,
282 2337 403 2409 qacnidm
417 2349 514 2394 rectam
523 2346 629 2408 factam
654 2334 838 2407 κατόρθωμα)
859 2349 931 2392 recta
952 2341 1038 2409 igitur
1060 2346 1128 2408 esse-

141 2422 248 2474 etio--
266 2427 396 2480 'crescendi
411 2425 581 2478 accessionem
603 2423 703 2474 nallarn
726 2424 811 2476 habet.
846 2421 931 2478 Taso.
951 2421 987 2489 4,
1010 2419 1062 2488 15,
1085 2425 1128 2480 34.

18 2495 21 2502 ’
100 2537 103 2549 ·
139 2509 245 2574 wado
259 2517 289 2562 at
303 2506 363 2561 aliis
379 2510 441 2562 locis
455 2512 487 2563 de
499 2511 595 2562 virtute
610 2518 633 2562 st
646 2507 759 2562 dirimas
780 2513 805 2562 et
814 2522 902 2577 ,saepe
922 2509 1059 2562 dicendam
1080 2511 1129 2562 erit

143 2589 297 2660 (pleraeque
315 2594 384 2647 enim
405 2597 572 2664 quaestiones,
590 2608 657 2662 qaae
680 2591 718 2646 ad
740 2593 824 2646 citam
840 2609 969 2660 moresque
992 2589 1137 2662 pertinent,

137 2673 279 2730 arietaria
294 2679 369 2744 sonte
382 2679 528 2747 ducantur)
543 2679 643 2748 quando
659 2679 743 2747 igitar
759 2678 841 2730 cirtae
860 2685 897 2730 est
918 2678 1025 2745 affectio
1045 2677 1129 2729 animi

135 2766 261 2814 coristaas
276 2771 328 2816 etc.
362 2761 404 2817 Its
420 2765 493 2826 enim
515 2758 690 2816 scribendum
711 2768 779 2816 erat.
816 2761 850 2814 de
871 2759 932 2814 Fin.
954 2761 987 2827 2,
1008 2759 1061 2828 22,
1084 2759 1127 2815 24.
1232 2785 1236 2792 ·

135 2846 293 2915 quidecim
316 2849 508 2915 andariscus,
539 2851 592 2902 iarn
622 2865 702 2917 qaam
732 2849 919 2918 magistratum
940 2847 1030 2900 inieris
1049 2855 1075 2900 et
1097 2849 1127 2900 irs

136 2930 285 3010 concionem
301 2932 463 2986 adscenderit
480 2934 614 3017 (eniienim
629 2929 679 2986 tibi
693 2933 843 2985 edicendam
857 2929 920 3000 etc.)
942 2931 1006 3000 qaid
1026 2949 1126 2984 merea·
1219 2957 1225 2974 =

134 3015 176 3068 ris
190 3013 292 3086 igitar,
311 3025 341 3072 at
356 3026 383 3071 te
398 3021 470 3072 dicas
492 3021 521 3071 in
542 3037 571 3071 eo
593 3013 758 3084 magistrata·
772 3015 860 3067 omnia
872 3015 1013 3084 voluptatis
1035 3033 1128 3067 caussa

130 3105 278 3171 facturam
293 3101 370 3155 ease?
392 3103 431 3156 aad
444 3099 523 3158 Fam.
541 3100 568 3166 1,
585 3099 612 3165 9,
628 3097 670 3151 61.
691 3099 781 3166 scripsi
793 3098 870 3150 etiarn
889 3099 964 3165 (nam
981 3097 1015 3152 116
1031 3101 1128 3152 oratio-

136 3184 216 3236 nibus
228 3182 352 3257 disiunge
368 3191 487 3256 masere,
505 3189 636 3257 reservasse
650 3183 686 3235 ad
695 3182 881 3235 mansuetiores
889 3199 986 3246 masor,
1005 3199 1072 3250 qaae
1087 3199 1129 3235 me

135 3269 256 3322 maxime
266 3295 300 3312 ι·
314 3273 455 3340 delectant)
470 3271 563 3342 scripsi
583 3271 666 3341 igitar
683 3266 826 3319 aristotelea
846 3281 918 3320 more
932 3293 964 3307 -
979 3273 1033 3320 tres
1047 3267 1130 3320 libros

138 3352 169 3406 irs
193 3354 370 3423 disputatione
393 3375 426 3412 ac
446 3356 555 3428 dialogo
577 3355 610 3408 de
631 3360 739 3423 aratore.
774 3349 808 3403 ed
823 3352 880 3406 1111.
895 3349 945 3418 16,
960 3350 986 3404 3.
1013 3359 1042 3405 ta
1055 3353 1127 3404 enim

135 3437 273 3506 sapienter
291 3441 372 3512 (nanc
388 3444 490 3495 demam
507 3440 574 3494 enim
587 3435 698 3492 rescribo
714 3435 747 3487 iis
770 3433 885 3502 titteris,
904 3453 969 3505 qaas
990 3431 1055 3488 aaiisi
1076 3437 1127 3488 rni-

134 3521 210 3586 eisti,
231 3533 349 3577 connecto
364 3525 476 3580 Antania
492 3525 596 3592 Tituri)
611 3521 742 3591 sapienter
755 3520 856 3592 igitar,
874 3519 943 3592 qaod
964 3537 1059 3574 manas
1080 3523 1128 3574 de·

131 3607 223 3672 disti,
244 3611 360 3678 qnodque
387 3612 469 3664 etiarn
490 3613 561 3664 altro
583 3607 693 3679 gratias
716 3607 801 3676 egisti.
836 3622 863 3676 p.
876 3605 942 3683 11111.
957 3605 1009 3672 29,
1024 3603 1067 3660 19.
1091 3605 1126 3658 de

131 3687 297 3778 1111132.
315 3691 359 3749 96.
377 3691 537 3764 261161.
556 3687 584 3759 4,
606 3687 649 3757 14,
665 3687 709 3743 38.
829 3685 832 3690 ’
945 3719 965 3781 ,Δ

180 3783 214 3850 In
228 3783 320 3850 locam
334 3795 479 3867 repetundi
495 3790 624 3852 vocabuli
639 3788 764 3847 raecedit
785 3806 936 3861 pronomen
960 3793 1006 3846 vel
1026 3807 1127 3846 nomen

132 3879 264 3936 eamdem
285 3897 344 3935 rem
367 3881 540 3954 significans:
559 3881 616 3936 cio.
641 3877 675 3931 de
697 3875 807 3942 111113,
827 3873 860 3944 5,
877 3878 919 3932 18.
939 3894 1025 3934 reram
1041 3887 1127 3931 actem

131 3959 293 4036 cogaiiiones
309 3967 389 4035 (qaas
404 3971 446 4021 ael
468 3964 714 4038 comprehensiones,
733 3963 771 4015 ael
791 3966 964 4032 perceptiones
981 3991 1015 4003 --
1034 3963 1128 4031 appel·
1165 3989 1169 4006 .

133 4049 224 4102 lernae-
236 4050 309 4117 lieet)
331 4051 380 4104 icas
393 4054 479 4122 igitar
492 4053 566 4121 ipsos
585 4055 691 4121 propter
712 4063 740 4100 se
761 4045 941 4102 adsciscendae
956 4047 1126 4100 arbitramur.

131 4133 172 4186 de
186 4132 248 4189 nat.
262 4135 288 4188 d.
303 4135 390 4218 Isti,
405 4135 449 4190 44.
466 4135 501 4191 de
513 4133 573 4190 Fin.
592 4132 619 4201 4,
636 4131 682 4198 2⁰,
697 4128 739 4187 ⁵6.
754 4139 847 4202 postea
864 4139 925 4188 raas
940 4134 985 4187 ille
1000 4130 1127 4186 Poenulus

151 4213 214 4324 aa.
369 4257 383 4270 .s
797 4221 836 4284 13
944 4275 945 4280 1
