2680 4746
307 309 509 390 uanus..
538 264 840 398 usuuoaans.
1015 316 1092 380 «ω,
1240 253 1243 270 ’
1326 263 1327 348 3

143 469 198 532 27.
218 463 402 536 Biissanius
418 461 458 526 de
472 461 609 528 Vesbcr.
624 460 734 610 signif.
751 483 786 549 p.
804 465 878 528 898.
897 463 1093 546 „interdum
1151 511 1154 517 -
1221 437 1223 441 .

55 551 185 637 iuquit,
205 559 319 614 “vocem
342 548 426 612 hsnc
442 548 487 612 itu
510 548 654 645 accipien
679 569 730 610 am
754 558 901 630 mone0,‘
915 571 982 612 non
1001 554 1094 636 quasi

54 637 137 702 alias
163 645 196 700 et
217 643 360 700 cessante
389 653 428 697 eo
452 633 539 697 idem
555 633 633 705 iuras
655 633 712 712 sit,
742 632 798 714 sed
828 642 994 718 tamquam
1017 635 1094 702 olias

54 722 149 786 idem
170 741 239 783 non
266 721 323 783 sit:
354 739 390 781 ac
439 717 552 782 scinde
568 717 661 782 idem
685 717 767 781 velet
787 716 878 804 quod
900 719 1012 808 atique
1037 741 1094 786 sen

44 807 109 870 ita
127 803 282 892 demam,
303 802 402 868 veluti
415 739 491 890 ing.
508 807 560 882 41,
576 807 607 882 8,
624 807 655 867 9.
676 804 914 890 usucapionem
926 804 1094 890 rccipiunt
1152 814 1156 828 ¹

55 888 210 955 maxime
224 911 278 953 res
293 885 504 974 corporales.-
529 887 618 974 quod
638 909 705 950 noa
723 889 767 951 ita
784 887 1009 976 accipiendum
1035 899 1094 970 est,
1115 941 1117 946 .

56 975 154 1062 quasi
173 985 204 1040 et
225 974 318 1038 incar
342 971 449 1037 orales
464 993 525 1038 usu
541 973 620 1060 capi
633 971 773 1059 possint,
794 973 851 1038 sed
866 975 958 1060 quasi
971 997 1095 1062 corpo-

55 1060 142 1125 rales
167 1059 265 1126 solae.
315 998 367 1122 iic
392 1057 467 1143 Dig.
490 1061 543 1130 25,
564 1062 596 1132 7,
613 1061 653 1122 s.
680 1057 718 1124 ia
737 1057 960 1133 concubinatu
979 1071 1094 1146 potect

56 1167 130 1210 csse
146 1155 180 1208 et
197 1144 312 1209 aliena
327 1140 450 1208 liberta
464 1153 497 1208 et
510 1143 671 1230 ingenua,
691 1141 752 1207 scd
766 1145 914 1210 maxime
932 1166 984 1224 ea,
1008 1167 1094 1231 quae

55 1227 199 1294 obscuro
224 1229 297 1294 loco
317 1239 403 1292 unta
425 1239 493 1308 cet,
516 1229 566 1291 aet
586 1239 759 1315 quiaestam
782 1251 921 1315 corpore
934 1225 1034 1316 fecit.
1059 1229 1092 1294 id

56 1324 107 1378 est
122 1335 202 1378 eam
220 1314 397 1391 demum.“
439 1311 486 1376 lta
508 1322 667 1398 torquere
687 1312 841 1378 vocabula
863 1313 973 1379 solent
995 1314 1092 1393 insis-

55 1399 210 1463 consulti.
260 1399 344 1462 Ncm
367 1396 430 1464 illis
456 1397 490 1461 in
511 1396 591 1464 locis
615 1419 674 1462 nec
698 1394 798 1462 Gaius
820 1421 880 1464 nec
908 1399 1092 1464 Marcianus
1130 1473 1132 1481 J

56 1484 197 1550 excessit
227 1483 391 1570 vulgarem
423 1501 540 1546 usum.
591 1481 649 1548 tlte
673 1482 761 1548 enim
779 1483 966 1572 composuit
996 1484 1094 1551 aerbo
1136 1516 1139 1521 ·

54 1568 227 1655 recipiant
248 1568 397 1632 maxime
420 1566 453 1630 h.
472 1587 501 1631 e.
526 1565 657 1654 plenam
679 1569 931 1656 usucapioneme
955 1567 1014 1634 hic
1033 1591 1093 1634 eu-

56 1665 125 1718 tem
148 1653 249 1732 dixit,
273 1653 398 1716 etiamsi
423 1652 702 1738 ingenua'mulier
722 1653 756 1716 in
782 1653 1002 1718 concubinatu
1024 1675 1094 1719 esse

57 1748 183 1826 posset,
208 1737 241 1802 id
257 1747 365 1800 tamen
381 1733 452 1800 fieri
467 1758 562 1824 posse
578 1760 637 1823 per
651 1738 856 1802 testationem
866 1785 880 1824 ,Ι
896 1742 1028 1824 quaein
1047 1738 1095 1804 fe-

57 1827 148 1890 mina
167 1821 308 1885 obscuro
326 1821 399 1884 loco
415 1831 490 1884 autc
505 1843 571 1885 non
588 1833 671 1885 esset
684 1825 871 1904 necessario.
915 1821 973 1888 Est
994 1825 1094 1912 igitur

58 1908 210 1972 maxime
225 1906 257 1971 id
272 1905 360 1991 quod
377 1906 513 1970 dicimus
527 1905 734 1994 aubediagt:
756 1909 843 1995 quod
858 1907 922 1976 elio
937 1909 1092 1998 exemplo
1128 1924 1132 1934 '

56 1991 358 2058 demonstrovimus
377 2012 411 2078 p.
426 1993 500 2055 592.

280 2171 281 2178 ¹
315 2142 836 2248 aanxaaaousnc.

140 2335 169 2395 1.
201 2325 295 2409 Quae
309 2325 349 2390 de
363 2335 478 2390 natura
500 2335 532 2392 et
552 2321 753 2390 formatione
775 2325 864 2392 verbi
885 2347 1096 2415 magnopere

56 2415 210 2491 narravi,
229 2433 266 2476 ea
281 2411 392 2476 omnin
409 2413 505 2474 etiam
521 2410 567 2476 cd
581 2410 809 2496 maximopere
825 2421 983 2496 spectant.
1026 2416 1096 2476 An·
1163 2437 1165 2443 ¹

58 2499 283 2584 tiquissimnm
299 2507 428 2584 tempus
449 2496 614 2582 ignorasse
638 2496 765 2560 videtur
783 2496 976 2560 vccabulum
1000 2519 1097 2562 ccm-

59 2585 226 2670 positum:
249 2602 327 2648 nam
371 2603 427 2645 uae
441 2580 527 2668 apud
543 2581 691 2646 Plautum
707 2590 741 2647 et
762 2577 956 2646 Terentium
978 2581 1096 2668 legun-²
1210 2635 1213 2649 .

62 2680 118 2732 tar
134 2667 306 2754 exempla,
328 2605 496 2754 piennmo
522 2666 584 2730 eris
600 2667 665 2730 sive
687 2664 786 2729 studii
806 2667 979 2734 notionem
1003 2668 1038 2730 ia
1060 2687 1095 2732 se

62 2752 198 2833 hebent,
217 2762 323 2837 n'eque
339 2753 373 2816 in
392 2773 457 2816 nno
476 2687 533 2816 itio
549 2751 697 2816 Terentii
710 2751 814 2830 ioco,
836 2752 956 2839 inquo
977 2751 1094 2818 adves-

62 2836 155 2901 bium
172 2837 301 2900 admitti
317 2847 439 2923 posset,
461 2837 669 2901 consentiunt
684 2837 807 2922 antiqui
825 2836 912 2902 libri.
955 2835 1095 2918 Quando

62 2933 244 3006 utrumque
263 2921 455 2984 vocabulum
471 2920 502 2982 in
520 2941 621 2982 unum
637 2921 792 3004 coniungi
812 2940 944 3006 unoque
963 2933 1097 2986 accentu

62 3007 190 3094 gravari
204 3005 355 3090 coeperit,
375 3004 429 3066 vix
440 3007 560 3088 poterit
574 3003 802 3068 demonstrari.
833 3004 961 3068 Plautus
977 3006 1095 3074 eodem

61 3090 188 3170 modo,
212 3109 278 3176 quc
297 3087 410 3152 stadio
433 3088 583 3152 maximo
597 3086 700 3152 Stich.
719 3093 748 3164 1,
763 3093 794 3162 8,
809 3089 862 3153 45.
877 3088 976 3167 dixit,
998 3091 1096 3156 etiam

63 3173 223 3262 separatis
239 3171 345 3238 verbis
362 3173 517 3260 loquutus
538 3183 585 3237 est
606 3193 764 3261 maaumo
785 3195 886 3258 opere
910 3174 997 3258 (Cas.
1016 3176 1048 3252 5,
1063 3179 1095 3257 4,
1202 3200 1205 3206 ·

65 3263 151 3341 14.)‚
173 3271 206 3322 et
220 3269 404 3323 transverso
421 3257 536 3322 ordine
559 3279 659 3344 opere
680 3279 838 3322 maxumo
865 3258 936 3322 Mil.
950 3261 983 3340 5,
1002 3264 1030 3336 t,
1045 3263 1096 3326 75.
1143 3285 1144 3290 ’

64 3345 181 3409 Pseud.
200 3349 279 3424 8,2,
296 3349 367 3408 107.
389 3344 489 3408 Most.
509 3349 540 3428 3,
560 3348 592 3424 2,
608 3345 668 3424 65.
684 3339 784 3408 Stich.
809 3351 837 3420 1,
857 3349 889 3421 3,
912 3347 965 3408 93.
988 3366 1097 3432 neque

64 3428 158 3494 aliter
173 3428 349 3494 Terentius
367 3430 451 3494 Eun.
466 3434 497 3505 8,
511 3433 543 3508 8,
557 3432 610 3492 27.
632 3426 766 3492 Phorm.
782 3429 812 3506 5,
831 3433 860 3510 1,
874 3433 927 3494 53.

174 3547 288 3600 Terent.
302 3549 402 3601 Hennt.
419 3547 485 3614 4,1,
501 3547 545 3600 13.
564 3545 712 3599 mtmtnuun
727 3563 767 3600 me
781 3565 832 3600 osae
847 3549 988 3618 gravidam
1007 3551 1033 3604 et
1045 3551 1097 3604 mi·

69 3680 70 3698 ,
127 3630 192 3684 iiiito
207 3633 316 3684 mostata
330 3649 405 3700 opere
418 3633 620 3695 interminatam,
636 3630 659 3683 ei
671 3631 784 3698 pueliam
796 3647 925 3700 parerem,
938 3633 1005 3686 cotto
1018 3620 1098 3688 tollii

130 3715 175 3767 lte
188 3715 271 3768 codex
291 3713 426 3768 hatenus:
444 3714 513 3781 dno,
529 3731 596 3784 quoe
613 3713 888 3780 cannamomum,
908 3717 1019 3770 mommo
1035 3735 1097 3787 apc-
1120 3768 1124 3781 ,

101 3795 104 3802 “
130 3813 160 3848 rc
184 3799 276 3851 dicere.
311 3793 593 3863 uternensem,
612 3797 659 3866 qai
678 3799 773 3852 edicew
793 3798 914 3868 scripsit,
931 3816 984 3852 aaa
1000 3817 1097 3869 empc-

131 3877 204 3932 xime
228 3883 262 3954 ed
277 3883 366 3936 Pleat.
383 3883 458 3936 Pers.
480 3881 545 3948 22,
561 3881 604 3934 59.
632 3881 666 3934 de
691 3897 744 3950 qno
764 3881 827 3935 vide
843 3899 870 3950 p.
883 3880 945 3938 578.
977 3883 1097 3952 Vtraque

110 4007 114 4042 ·.
131 3963 160 4017 in
187 3955 342 4020 loco'certe
364 3966 506 4022 scribenda
529 3965 654 4020 videntur
675 3965 783 4036 integre
809 3966 927 4021 nominc.
967 3967 1096 4020 Ceteram

129 4050 243 4102 accim
271 4067 344 4122 opere
371 4052 452 4109 dicem
478 4051 537 4110 ava
566 4052 664 4110 edicce
694 4055 737 4106 eet
770 4054 832 4120 aas·
858 4051 1097 4108 cactdntetttctetc

128 4132 243 4200 dutum.
