2738 4730
485 261 486 264 ‘
529 276 687 344 iuicsr.
884 277 885 280 ‘
1069 253 1140 373 lui

107 411 110 420 ’
169 437 201 500 4.
225 432 324 498 Ilicet
344 431 437 514 dicit,
459 431 571 518 quiin
591 415 924 518 uliqus‘reconfectu
947 437 1134 524 acquiescit,

87 535 223 615 eamque
237 521 278 584 ad
296 518 397 583 finem
419 517 612 606 perductum
630 518 818 626 profitetur.
898 524 901 545 ¹
1087 589 1089 596 Α
1175 597 1177 602 ,

42 637 46 657 ³
77 680 79 686 ,
187 619 516 692 nuncupaturi.
536 621 1075 695 ilicettvudimouiprnultromibifucit.
1179 652 1183 670 .

169 736 200 799 5.
221 733 306 797 Hscc
322 733 436 797 omnia
451 731 491 796 cd
508 751 603 794 usum
623 731 829 796 comicorum
845 732 1024 818 pertinent.
1049 735 1138 799 Oru-

86 825 175 883 tores
193 841 377 904 numquam
394 819 439 880 ila
455 817 584 902 loquuti
600 827 697 890 sunt,-
717 817 841 880 etiamsi
859 817 1038 882 Pulmerius
1063 822 1137 906 qui·

84 903 224 968 busdam
250 905 372 968 criticis
392 903 553 991 persuasit
566 903 668 989 ‘apud
693 901 882 966 Sallustium
911 901 981 990 lug.
996 909 1049 968 41.
1081 929 1137 972 re·
1182 929 1184 934 ·

85 989 288 1056 stituendum
314 1009 383 1053 esse
406 989 499 1052 ilicet
523 1010 587 1074 pro
613 988 756 1052 scilicet.
809 988 872 1050 Sed
890 1002 1008 1074 poetae
1032 1011 1139 1078 augu-

83 1077 169 1140 stani
187 1077 277 1155 aevi,
300 1073 496 1154 oblitterata,
514 1085 551 1138 ut
569 1075 715 1152 videtur,
738 1073 871 1160 antiquo
890 1074 1139 1162 significatione,

82 1161 287 1248 usurpabant
302 1157 369 1224 boc
387 1159 584 1230 vocobulum
600 1163 634 1224 in
651 1182 687 1224 re
706 1159 797 1224 illico
814 1161 943 1246 agenda
968 1157 1017 1226 vel
1043 1186 1139 1228 ecce·
1193 1237 1195 1249 1

79 1246 230 1312 lerande.
274 1247 404 1311 Servius
431 1245 472 1309 ud
494 1246 585 1330 Virg:
607 1248 747 1324 Aemi,
767 1247 840 1308 224.
864 1247 1008 1332 explicet
1031 1249 1138 1314 verbis

79 1355 153 1396 non
177 1333 256 1396 satis
276 1332 360 1420 aptis
382 1327 573 1420 confestim,
597 1353 676 1396 mox
701 1341 732 1394 et
750 1331 790 1394 cd
807 1336 846 1408 2,
867 1327 949 1396 75ss
966 1328 1154 1424 comparatx

79 1419 187 1484 illico.
238 1419 280 1482 Et
305 1417 470 1482 Charisius
495 1418 529 1482 in
558 1416 929 1504 conferendonntiquo
964 1441 1025 1483 usu
1061 1421 1140 1486 dicit

80 1503 171 1590 apud
196 1501 392 1568 Terentium
415 1503 509 1568 ilicet
532 1525 603 1566 non
626 1523 694 1566 esse
717 1502 756 1566 in
776 1501 850 1566 luco
864 1515 946 1572 ¹,ctist
960 1505 1082 1570 statim
1106 1516 1140 1570 et

12 1648 13 1652 ,
79 1589 262 1654 continuo:
297 1599 330 1653 et
354 1593 488 1675 p.⁴180.
515 1587 614 1652 haec:
650 1588 750 1652 Maro
774 1583 1029 1676 undecimo'liv.
1050 1591 1139 1675 468.)

76 1674 360 1739 ·ilicetiunuuros
377 1672 584 1738 discurritur
606 1671 708 1736 serbe:
739 1670 797 1735 att
822 1671 939 1738 Celsus
960 1698 1051 1740 nunc
1068 1700 1138 1763 pro

80 1759 190 1840 illico,
209 1758 332 1834 idest,
355 1760 496 1823 statim:
519 1757 654 1857 antiqui
665 1779 735 1843 pro
752 1780 811 1821 eas
828 1757 917 1824 licet.
960 1759 1061 1825 Ilicet
1069 1783 1139 1848 pro

76 1861 182 1909 nunc.
227 1843 327 1908 Addit
349 1866 448 1910 vero:
479 1840 651 1932 Afranius
677 1865 715 1906 in
739 1843 961 1908 Materteris:
984 1847 1139 1932 qumis

74 1928 220 1994 balbum
253 1951 362 2016 supra
391 1929 532 1993 modum
558 1927 725 1993 disserere
748 1940 930 1993 conantem
955 1929 1140 2002 lucidaret.-

74 2037 126 2078 αα
166 2027 204 2078 tu
236 2013 392 2100 eloquens
421 2014 534 2078 ilicet:
565 2014 604 2078 id
637 2025 686 2078 est
719 2011 830 2078 subito
864 2025 927 2078 aut
958 2008 1139 2104 extempl.

71 2097 200 2163 Fuitne
215 2099 316 2186 igitur
333 2099 414 2162 haec
434 2098 626 2186 significatio
646 2099 712 2162 ium
732 2100 869 2185 antiquo
894 2110 1048 2189 tempore
1068 2113 1139 2168 ste*
1198 2118 1216 2170 J

70 2183 201 2252 bilitu'i
223 2204 225 2211 ·
246 2183 410 2270 Equidem
429 2193 499 2248 non
525 2183 757 2248 affirmaverim
780 2185 821 2248 de
844 2185 939 2249 bonis
964 2190 1140 2276 scriptori-

70 2271 150 2335 bus.
199 2269 265 2334 Sed
277 2271 429 2336 videntur
445 2271 511 2335 ium
528 2271 610 2338 olim
625 2269 785 2336 vocabule
799 2271 894 2334 ilicet
907 2281 940 2334 et
955 2273 1049 2338 illico
1065 2275 1140 2340 vul·
1210 2291 1214 2298 ’

73 2355 149 2441 gari
167 2377 326 2420 sermone
343 2365 563 2436 commutata,
582 2365 613 2422 et
628 2355 709 2418 illud
726 2355 769 2416 ob
787 2355 1036 2422 similitudinem
1057 2359 1140 2438 ,for-

72 2465 153 2506 mae
182 2440 223 2506 ad
250 2440 390 2528 stirpem
418 2440 570 2506 vocabuli
595 2441 675 2504 ilico
698 2440 766 2504 sive
786 2440 880 2506 illico
897 2443 1037 2508 relatum
1060 2443 1140 2512 esse.

71 2529 231 2678 Deniplpe
248 2537 452 2612 evanuerunt
467 2526 604 2616 originis
620 2525 770 2614 vestigia,
793 2537 825 2590 et
848 2539 967 2616 poetae
989 2530 1142 2604 dicebant

72 2636 174 2701 prou
204 2636 268 2678 ico.
304 2669 309 2674 ,
1007 2645 1010 2651 ·

67 2773 69 2777 -
185 2733 368 2804 virgildum
384 2731 411 2797 8,
431 2730 491 2785 223.
503 2727 582 2802 fugit
595 2732 665 2786 ilicet
690 2732 760 2792 ocior
779 2735 854 2793 Eam
875 2736 1074 2807 speluncamque
1092 2753 1142 2806 pe·⁴

145 2821 193 2876 tit.
228 2821 255 2884 2,
272 2818 333 2872 758.
345 2820 419 2871 'ilicet
437 2819 509 2888 ignis
527 2819 594 2869 educ
610 2819 764 2870 summaad
783 2820 905 2889 sartigiu
926 2827 999 2872 uento
1020 2821 1140 2882 uoluitur.

147 2891 258 2970 2‚‘224.
278 2905 350 2956 ilicet
364 2904 499 2956 obruimur
518 2893 634 2956 numero.
668 2900 703 2965 72,
723 2901 784 2955 583.
804 2901 1061 2976 Tibulls'26215·
1081 2921 1142 2957 acer

145 2994 251 3053 Amor,
264 2989 498 3054 succinentium,
515 2989 645 3052 taatelu,
666 2989 782 3055 sagittus
802 2989 871 3044 ilicet
885 2991 1025 3045 exstinctas
1050 2989 1142 3058 crispis

146 3077 270 3143 clamque
280 3075 364 3140 faces.
398 3070 467 3122 Stat.
484 3073 574 3124 Theb.
591 3072 616 3138 1,
635 3069 679 3132 92,
697 3072 767 3124 ilicet
786 3071 850 3147 igne
864 3071 932 3125 Iovis
952 3073 1082 3140 lapsisque
1103 3071 1142 3131 ,ci-2

144 3162 238 3216 tutior
257 3159 333 3212 astris
350 3156 463 3210 tristibus
481 3157 571 3218 exiluit,
585 3157 662 3228 ripis,
810 3143 814 3150 ’

1197 1475 1200 1510 l

160 3276 197 3339 6.
226 3267 340 3334 Festus
364 3285 433 3332 non
460 3265 618 3354 appositis
642 3258 804 3352 exemplis
828 3263 923 3332 ilicet
948 3285 1017 3329 esse
1039 3261 1142 3334 trudit

72 3356 151 3422 sine
183 3353 302 3420 dubio.
343 3353 498 3418 Duronius
520 3351 707 3440 suspicetur
731 3371 806 3421 eum
827 3351 992 3436 respicere
1015 3349 1055 3414 ud
1072 3349 1142 3416 Tc·-

71 3454 165 3507 rcnt.
193 3441 284 3506 Eun.
313 3445 343 3518 1,
361 3446 390 3518 1,
407 3443 438 3502 9.
462 3450 577 3507 actium
600 3448 670 3510 est.-
694 3435 806 3518 ilicete
819 3437 955 3522 peristi.
998 3439 1040 3509 At
1067 3437 1141 3500 Gon

72 3527 263 3594 tbofredus
284 3523 380 3593 ustert
396 3524 538 3611 glossam
552 3524 657 3594 hanc:
681 3521 794 3603 ilicet,
817 3522 967 3603 scilicet,
988 3522 1140 3586 sinodu-

71 3613 139 3680 bio.
193 3610 427 3694 Quamobrem
451 3627 600 3680 errorem
626 3626 666 3672 ex
699 3607 816 3672 vitiosa
838 3609 1001 3699 scriptura
1025 3619 1141 3679 ortum

71 3699 287 3788 putabimus.
336 3699 492 3764 Attamen
516 3694 707 3764 Pulmerius'
722 3693 876 3780 Spicileg.
904 3717 938 3791 p.
961 3694 1035 3759 849.
1073 3692 1140 3763 hoc

71 3779 220 3874 quidem
238 3779 531 3870 significetuilicet
546 3779 673 3851 restitui
694 3779 787 3849 iussit
808 3779 843 3848 in
871 3778 1006 3851 Terent.
1027 3777 1088 3850 Ad.
1108 3779 1141 3866 5,

72 3875 104 3955 4,
121 3877 183 3946 20.
210 3868 266 3933 ubi
284 3877 370 3933 recte
387 3868 507 3952 legitur
521 3865 660 3935 scilicet.
1046 3878 1047 3882 ’

163 3957 201 4040 *)
227 3957 437 4020 Commutsta
458 3963 535 4018 sunt
563 3949 744 4018 alibroriis
762 3950 861 4019 verbe
886 3949 1027 4018 scilicet.
1071 3946 1139 4020 vid,

12 4112 14 4116 ,
69 4040 281 4112 Bentlei.ud
304 4037 566 4109 'serenuundc
590 4021 717 4124 5,3,i.
739 4047 773 4108 ul
793 4035 897 4111 illico.
942 4031 1139 4130 vid‚Virgil.
1194 4077 1204 4086 -
1242 4075 1276 4124 J

72 4123 457 4212 Aerrazlilfflffi.x
969 4183 1030 4195 .,
