<?xml version="1.0" encoding="UTF-8"?>
<!DOCTYPE html PUBLIC "-//W3C//DTD XHTML 1.0 Transitional//EN"
    "http://www.w3.org/TR/xhtml1/DTD/xhtml1-transitional.dtd">
<html xmlns="http://www.w3.org/1999/xhtml" xml:lang="en" lang="en">
 <head>
  <title>
</title>
<meta http-equiv="Content-Type" content="text/html;charset=utf-8" />
  <meta name='ocr-system' content='tesseract 3.04.00' />
  <meta name='ocr-capabilities' content='ocr_page ocr_carea ocr_par ocr_line ocrx_word'/>
</head>
<body>
  <div class='ocr_page' id='page_1' title='image "./ferdinandihandi01torsgoog_0356.png"; bbox 0 0 2812 4732; ppageno 0'>
   <div class='ocr_carea' id='block_1_1' title="bbox 238 251 804 368">
    <p class='ocr_par' dir='ltr' id='par_1_1' title="bbox 238 251 804 368">
     <span class='ocr_line' id='line_1_1' title="bbox 238 251 804 368; baseline -0.011 -1"><span class='ocrx_word' id='word_1_1' title='bbox 238 303 303 368; x_wconf 79' lang='lat' dir='ltr'>sis</span> <span class='ocrx_word' id='word_1_2' title='bbox 738 251 804 362; x_wconf 73' lang='lat' dir='ltr'>uu</span> 
     </span>
    </p>
   </div>
   <div class='ocr_carea' id='block_1_2' title="bbox 117 447 1373 890">
    <p class='ocr_par' dir='ltr' id='par_1_2' title="bbox 117 447 1373 890">
     <span class='ocr_line' id='line_1_2' title="bbox 237 447 1303 539; baseline 0.002 -23"><span class='ocrx_word' id='word_1_3' title='bbox 237 462 326 518; x_wconf 90' lang='lat' dir='ltr'>tron.</span> <span class='ocrx_word' id='word_1_4' title='bbox 346 451 398 516; x_wconf 82' lang='lat'>15.</span> <span class='ocrx_word' id='word_1_5' title='bbox 419 451 537 539; x_wconf 87' lang='lat' dir='ltr'>quibus</span> <span class='ocrx_word' id='word_1_6' title='bbox 553 449 674 516; x_wconf 88' lang='lat' dir='ltr'>dicitnr</span> <span class='ocrx_word' id='word_1_7' title='bbox 690 471 758 514; x_wconf 88' lang='lat' dir='ltr'>esse</span> <span class='ocrx_word' id='word_1_8' title='bbox 784 447 824 514; x_wconf 87' lang='lat' dir='ltr'>ad</span> <span class='ocrx_word' id='word_1_9' title='bbox 851 447 997 536; x_wconf 81' lang='lat' dir='ltr'>aliquam</span> <span class='ocrx_word' id='word_1_10' title='bbox 1021 470 1093 515; x_wconf 90' lang='lat' dir='ltr'>rem</span> <span class='ocrx_word' id='word_1_11' title='bbox 1117 461 1303 538; x_wconf 86' lang='lat' dir='ltr'>praestan-</span> 
     </span>
     <span class='ocr_line' id='line_1_3' title="bbox 117 533 1373 626; baseline 0.001 -22"><span class='ocrx_word' id='word_1_12' title='bbox 117 591 121 604; x_wconf 94' lang='lat'>.</span> <span class='ocrx_word' id='word_1_13' title='bbox 225 538 316 622; x_wconf 31' lang='lat' dir='ltr'>,dam</span> <span class='ocrx_word' id='word_1_14' title='bbox 338 537 389 602; x_wconf 88' lang='lat' dir='ltr'>vel</span> <span class='ocrx_word' id='word_1_15' title='bbox 413 538 447 604; x_wconf 92' lang='lat' dir='ltr'>in</span> <span class='ocrx_word' id='word_1_16' title='bbox 479 537 602 623; x_wconf 87' lang='lat' dir='ltr'>aliquid</span> <span class='ocrx_word' id='word_1_17' title='bbox 631 533 861 612; x_wconf 86' lang='lat' dir='ltr'>efficiendum,</span> <span class='ocrx_word' id='word_1_18' title='bbox 899 557 953 600; x_wconf 85' lang='lat' dir='ltr'>eas</span> <span class='ocrx_word' id='word_1_19' title='bbox 982 557 1083 600; x_wconf 90' lang='lat' dir='ltr'>nemo</span> <span class='ocrx_word' id='word_1_20' title='bbox 1105 560 1132 612; x_wconf 82' lang='lat' dir='ltr'>¹a</span> <span class='ocrx_word' id='word_1_21' title='bbox 1167 537 1301 626; x_wconf 84' lang='lat' dir='ltr'>legibus</span> <span class='ocrx_word' id='word_1_22' title='bbox 1372 541 1373 620; x_wconf 61' lang='grc' dir='ltr'>ἶ</span> 
     </span>
     <span class='ocr_line' id='line_1_4' title="bbox 237 621 1301 710; baseline 0.003 -23"><span class='ocrx_word' id='word_1_23' title='bbox 237 623 458 710; x_wconf 68' lang='lat' dir='ltr'><strong>grammaticis</strong></span> <span class='ocrx_word' id='word_1_24' title='bbox 475 623 625 702; x_wconf 73' lang='lat' dir='ltr'>aberrare</span> <span class='ocrx_word' id='word_1_25' title='bbox 642 621 781 710; x_wconf 87' lang='lat' dir='ltr'>putabit.</span> <span class='ocrx_word' id='word_1_26' title='bbox 826 621 901 700; x_wconf 91' lang='lat' dir='ltr'>Qua</span> <span class='ocrx_word' id='word_1_27' title='bbox 917 643 959 686; x_wconf 87' lang='lat' dir='ltr'>ex</span> <span class='ocrx_word' id='word_1_28' title='bbox 974 643 1086 686; x_wconf 77' lang='lat' dir='ltr'>caussa</span> <span class='ocrx_word' id='word_1_29' title='bbox 1102 623 1202 688; x_wconf 86' lang='lat' dir='ltr'>etiarn</span> <span class='ocrx_word' id='word_1_30' title='bbox 1223 648 1301 692; x_wconf 83' lang='lat' dir='ltr'>ver-</span> 
     </span>
     <span class='ocr_line' id='line_1_5' title="bbox 238 707 1300 796; baseline 0.003 -22"><span class='ocrx_word' id='word_1_31' title='bbox 238 711 318 774; x_wconf 88' lang='lat' dir='ltr'>bum</span> <span class='ocrx_word' id='word_1_32' title='bbox 333 707 465 774; x_wconf 61' lang='lat' dir='ltr'>lubae</span> <span class='ocrx_word' id='word_1_33' title='bbox 486 719 575 773; x_wconf 89' lang='lat' dir='ltr'>recte</span> <span class='ocrx_word' id='word_1_34' title='bbox 599 707 810 795; x_wconf 84' lang='lat' dir='ltr'>coniungitur</span> <span class='ocrx_word' id='word_1_35' title='bbox 833 727 909 770; x_wconf 90' lang='lat' dir='ltr'>cum</span> <span class='ocrx_word' id='word_1_36' title='bbox 933 709 1134 787; x_wconf 86' lang='lat' dir='ltr'>accusativo,</span> <span class='ocrx_word' id='word_1_37' title='bbox 1158 713 1220 796; x_wconf 87' lang='lat' dir='ltr'>qui</span> <span class='ocrx_word' id='word_1_38' title='bbox 1246 711 1300 776; x_wconf 87' lang='lat' dir='ltr'>ef-</span> 
     </span>
     <span class='ocr_line' id='line_1_6' title="bbox 236 791 1300 890; baseline 0 -28"><span class='ocrx_word' id='word_1_39' title='bbox 236 795 389 866; x_wconf 57' lang='lat' dir='ltr'>fectum„</span> <span class='ocrx_word' id='word_1_40' title='bbox 404 795 602 877; x_wconf 87' lang='lat' dir='ltr'>consilium,</span> <span class='ocrx_word' id='word_1_41' title='bbox 621 793 724 858; x_wconf 86' lang='lat' dir='ltr'>finem</span> <span class='ocrx_word' id='word_1_42' title='bbox 748 791 914 890; x_wconf 78' lang='lat' dir='ltr'>designat:</span> <span class='ocrx_word' id='word_1_43' title='bbox 939 793 977 857; x_wconf 85' lang='lat' dir='ltr'>in</span> <span class='ocrx_word' id='word_1_44' title='bbox 991 805 1206 880; x_wconf 85' lang='lat' dir='ltr'>potestatem</span> <span class='ocrx_word' id='word_1_45' title='bbox 1230 797 1300 862; x_wconf 77' lang='lat' dir='ltr'>lea-</span> 
     </span>
    </p>
   </div>
   <div class='ocr_carea' id='block_1_3' title="bbox 230 878 1298 1718">
    <p class='ocr_par' dir='ltr' id='par_1_3' title="bbox 230 878 1298 1718">
     <span class='ocr_line' id='line_1_7' title="bbox 236 878 1297 969; baseline 0 -22"><span class='ocrx_word' id='word_1_46' title='bbox 236 880 331 969; x_wconf 56' lang='lat' dir='ltr'>ltcre,</span> <span class='ocrx_word' id='word_1_47' title='bbox 355 883 392 946; x_wconf 84' lang='lat' dir='ltr'>ia</span> <span class='ocrx_word' id='word_1_48' title='bbox 416 880 610 964; x_wconf 78' lang='lat' dir='ltr'><em>custodiam</em></span> <span class='ocrx_word' id='word_1_49' title='bbox 628 878 772 960; x_wconf 79' lang='lat' dir='ltr'>habere,</span> <span class='ocrx_word' id='word_1_50' title='bbox 797 901 835 942; x_wconf 84' lang='lat' dir='ltr'>zo</span> <span class='ocrx_word' id='word_1_51' title='bbox 855 881 1059 944; x_wconf 84' lang='lat' dir='ltr'>memoriam</span> <span class='ocrx_word' id='word_1_52' title='bbox 1084 881 1118 944; x_wconf 82' lang='lat' dir='ltr'>h.</span> <span class='ocrx_word' id='word_1_53' title='bbox 1147 881 1188 945; x_wconf 83' lang='lat' dir='ltr'>in</span> <span class='ocrx_word' id='word_1_54' title='bbox 1215 904 1297 948; x_wconf 89' lang='lat' dir='ltr'>mo-</span> 
     </span>
     <span class='ocr_line' id='line_1_8' title="bbox 235 963 1298 1033; baseline 0 0"><span class='ocrx_word' id='word_1_55' title='bbox 235 967 436 1033; x_wconf 84' lang='lat' dir='ltr'>trimoninm</span> <span class='ocrx_word' id='word_1_56' title='bbox 460 970 493 1032; x_wconf 81' lang='grc' dir='ltr'>Ιι.</span> <span class='ocrx_word' id='word_1_57' title='bbox 538 966 581 1032; x_wconf 86' lang='lat' dir='ltr'>Et</span> <span class='ocrx_word' id='word_1_58' title='bbox 603 965 639 1030; x_wconf 89' lang='lat' dir='ltr'>in</span> <span class='ocrx_word' id='word_1_59' title='bbox 662 964 750 1030; x_wconf 89' lang='lat' dir='ltr'>hunc</span> <span class='ocrx_word' id='word_1_60' title='bbox 775 963 915 1028; x_wconf 89' lang='lat' dir='ltr'>modum</span> <span class='ocrx_word' id='word_1_61' title='bbox 946 966 1045 1029; x_wconf 89' lang='lat' dir='ltr'>etiam</span> <span class='ocrx_word' id='word_1_62' title='bbox 1077 965 1229 1032; x_wconf 85' lang='lat' dir='ltr'>retinere</span> <span class='ocrx_word' id='word_1_63' title='bbox 1261 969 1298 1033; x_wconf 84' lang='lat' dir='ltr'>io</span> 
     </span>
     <span class='ocr_line' id='line_1_9' title="bbox 230 1050 1296 1140; baseline 0 -22"><span class='ocrx_word' id='word_1_64' title='bbox 230 1065 450 1140; x_wconf 80' lang='lat' dir='ltr'>potestatem.</span> <span class='ocrx_word' id='word_1_65' title='bbox 493 1054 660 1117; x_wconf 87' lang='lat' dir='ltr'>Praeterea</span> <span class='ocrx_word' id='word_1_66' title='bbox 677 1060 787 1139; x_wconf 85' lang='lat' dir='ltr'>potest</span> <span class='ocrx_word' id='word_1_67' title='bbox 799 1051 926 1131; x_wconf 88' lang='lat' dir='ltr'>oratio,</span> <span class='ocrx_word' id='word_1_68' title='bbox 949 1051 997 1114; x_wconf 92' lang='lat' dir='ltr'>uti</span> <span class='ocrx_word' id='word_1_69' title='bbox 1013 1053 1080 1115; x_wconf 88' lang='lat' dir='ltr'>iam</span> <span class='ocrx_word' id='word_1_70' title='bbox 1097 1050 1188 1129; x_wconf 79' lang='lat' dir='ltr'>dixi,</span> <span class='ocrx_word' id='word_1_71' title='bbox 1212 1076 1296 1118; x_wconf 89' lang='lat' dir='ltr'>con·</span> 
     </span>
     <span class='ocr_line' id='line_1_10' title="bbox 234 1137 1294 1224; baseline 0.002 -22"><span class='ocrx_word' id='word_1_72' title='bbox 234 1138 340 1217; x_wconf 83' lang='lat' dir='ltr'>trahi,</span> <span class='ocrx_word' id='word_1_73' title='bbox 365 1139 489 1203; x_wconf 87' lang='lat' dir='ltr'>duabus</span> <span class='ocrx_word' id='word_1_74' title='bbox 506 1137 697 1202; x_wconf 84' lang='lat' dir='ltr'>notionibus</span> <span class='ocrx_word' id='word_1_75' title='bbox 714 1139 747 1202; x_wconf 92' lang='lat' dir='ltr'>in</span> <span class='ocrx_word' id='word_1_76' title='bbox 771 1157 872 1200; x_wconf 89' lang='lat' dir='ltr'>unam</span> <span class='ocrx_word' id='word_1_77' title='bbox 899 1137 1100 1218; x_wconf 86' lang='lat' dir='ltr'>coniunctis,</span> <span class='ocrx_word' id='word_1_78' title='bbox 1124 1149 1158 1200; x_wconf 90' lang='lat' dir='ltr'>et</span> <span class='ocrx_word' id='word_1_79' title='bbox 1183 1141 1294 1224; x_wconf 88' lang='lat' dir='ltr'>poetis</span> 
     </span>
     <span class='ocr_line' id='line_1_11' title="bbox 233 1221 1293 1310; baseline -0.002 -20"><span class='ocrx_word' id='word_1_80' title='bbox 233 1224 311 1290; x_wconf 89' lang='lat' dir='ltr'>licet</span> <span class='ocrx_word' id='word_1_81' title='bbox 336 1225 485 1290; x_wconf 81' lang='lat' dir='ltr'>liberiori</span> <span class='ocrx_word' id='word_1_82' title='bbox 510 1223 710 1310; x_wconf 79' lang='lat' dir='ltr'>cogitatione</span> <span class='ocrx_word' id='word_1_83' title='bbox 734 1222 786 1300; x_wconf 76' lang='lat' dir='ltr'>id,</span> <span class='ocrx_word' id='word_1_84' title='bbox 816 1221 907 1307; x_wconf 90' lang='lat' dir='ltr'>quod</span> <span class='ocrx_word' id='word_1_85' title='bbox 932 1221 1059 1286; x_wconf 88' lang='lat' dir='ltr'>factum</span> <span class='ocrx_word' id='word_1_86' title='bbox 1091 1234 1147 1286; x_wconf 86' lang='lat' dir='ltr'>aut</span> <span class='ocrx_word' id='word_1_87' title='bbox 1170 1237 1293 1289; x_wconf 82' lang='lat' dir='ltr'>statum</span> 
     </span>
     <span class='ocr_line' id='line_1_12' title="bbox 235 1307 1294 1396; baseline 0.001 -22"><span class='ocrx_word' id='word_1_88' title='bbox 235 1322 323 1389; x_wconf 87' lang='lat' dir='ltr'>erat,</span> <span class='ocrx_word' id='word_1_89' title='bbox 354 1310 525 1395; x_wconf 84' lang='lat' dir='ltr'>designare</span> <span class='ocrx_word' id='word_1_90' title='bbox 549 1309 640 1394; x_wconf 80' lang='lat' dir='ltr'>quasi</span> <span class='ocrx_word' id='word_1_91' title='bbox 663 1309 798 1372; x_wconf 89' lang='lat' dir='ltr'>demum</span> <span class='ocrx_word' id='word_1_92' title='bbox 821 1330 873 1371; x_wconf 87' lang='lat' dir='ltr'>res</span> <span class='ocrx_word' id='word_1_93' title='bbox 894 1307 1119 1372; x_wconf 88' lang='lat' dir='ltr'>conditionem</span> <span class='ocrx_word' id='word_1_94' title='bbox 1146 1310 1294 1396; x_wconf 86' lang='lat' dir='ltr'>aliquam</span> 
     </span>
     <span class='ocr_line' id='line_1_13' title="bbox 234 1393 1293 1484; baseline 0.001 -24"><span class='ocrx_word' id='word_1_95' title='bbox 234 1397 333 1475; x_wconf 87' lang='lat' dir='ltr'>ineat,</span> <span class='ocrx_word' id='word_1_96' title='bbox 355 1395 403 1459; x_wconf 84' lang='lat' dir='ltr'>vel</span> <span class='ocrx_word' id='word_1_97' title='bbox 422 1397 532 1482; x_wconf 85' lang='lat' dir='ltr'>aliquo</span> <span class='ocrx_word' id='word_1_98' title='bbox 551 1405 733 1458; x_wconf 87' lang='lat' dir='ltr'>moveatur.</span> <span class='ocrx_word' id='word_1_99' title='bbox 779 1394 873 1472; x_wconf 86' lang='lat' dir='ltr'>Quae</span> <span class='ocrx_word' id='word_1_100' title='bbox 891 1393 1109 1479; x_wconf 77' lang='lat' dir='ltr'>reliquerunt</span> <span class='ocrx_word' id='word_1_101' title='bbox 1126 1398 1293 1484; x_wconf 85' lang='lat' dir='ltr'>exempla,</span> 
     </span>
     <span class='ocr_line' id='line_1_14' title="bbox 234 1479 1292 1568; baseline 0.002 -24"><span class='ocrx_word' id='word_1_102' title='bbox 234 1492 291 1545; x_wconf 89' lang='lat' dir='ltr'>aut</span> <span class='ocrx_word' id='word_1_103' title='bbox 308 1485 474 1568; x_wconf 71' lang='lat' dir='ltr'>pertinent</span> <span class='ocrx_word' id='word_1_104' title='bbox 494 1481 534 1544; x_wconf 85' lang='lat' dir='ltr'>ad</span> <span class='ocrx_word' id='word_1_105' title='bbox 555 1479 883 1544; x_wconf 77' lang='lat' dir='ltr'>mutataeorationis</span> <span class='ocrx_word' id='word_1_106' title='bbox 912 1501 1034 1565; x_wconf 86' lang='lat' dir='ltr'>genus,</span> <span class='ocrx_word' id='word_1_107' title='bbox 1059 1489 1116 1543; x_wconf 87' lang='lat' dir='ltr'>aut</span> <span class='ocrx_word' id='word_1_108' title='bbox 1137 1492 1216 1544; x_wconf 89' lang='lat' dir='ltr'>sunt</span> <span class='ocrx_word' id='word_1_109' title='bbox 1240 1505 1292 1546; x_wconf 89' lang='lat' dir='ltr'>re-</span> 
     </span>
     <span class='ocr_line' id='line_1_15' title="bbox 233 1565 1293 1716; baseline 0.003 -86"><span class='ocrx_word' id='word_1_110' title='bbox 233 1568 436 1716; x_wconf 62' lang='lat' dir='ltr'>pentissimae</span> <span class='ocrx_word' id='word_1_111' title='bbox 471 1566 640 1632; x_wconf 77' lang='lat' dir='ltr'>latinitatis</span> <span class='ocrx_word' id='word_1_112' title='bbox 679 1565 891 1654; x_wconf 70' lang='lat' dir='ltr'>depravatae,</span> <span class='ocrx_word' id='word_1_113' title='bbox 935 1576 991 1629; x_wconf 87' lang='lat' dir='ltr'>aut</span> <span class='ocrx_word' id='word_1_114' title='bbox 1022 1566 1213 1653; x_wconf 84' lang='lat' dir='ltr'>corruptela</span> <span class='ocrx_word' id='word_1_115' title='bbox 1242 1567 1293 1633; x_wconf 86' lang='lat' dir='ltr'>la-</span> 
     </span>
     <span class='ocr_line' id='line_1_16' title="bbox 258 1663 365 1718; baseline -0.019 0"><span class='ocrx_word' id='word_1_116' title='bbox 258 1663 365 1718; x_wconf 87' lang='lat' dir='ltr'>orant.</span> 
     </span>
    </p>
   </div>
   <div class='ocr_carea' id='block_1_4' title="bbox 246 1799 1373 3229">
    <p class='ocr_par' dir='ltr' id='par_1_4' title="bbox 297 1799 1373 3148">
     <span class='ocr_line' id='line_1_17' title="bbox 335 1799 1373 1878; baseline 0.001 -20"><span class='ocrx_word' id='word_1_117' title='bbox 335 1805 392 1859; x_wconf 82' lang='lat' dir='ltr'>cic.</span> <span class='ocrx_word' id='word_1_118' title='bbox 408 1805 442 1859; x_wconf 78' lang='lat' dir='ltr'>tle</span> <span class='ocrx_word' id='word_1_119' title='bbox 455 1806 523 1875; x_wconf 70' lang='lat' dir='ltr'>[reg.</span> <span class='ocrx_word' id='word_1_120' title='bbox 538 1805 613 1858; x_wconf 87' lang='lat' dir='ltr'>Man.</span> <span class='ocrx_word' id='word_1_121' title='bbox 626 1803 674 1878; x_wconf 87' lang='grc'>12,</span> <span class='ocrx_word' id='word_1_122' title='bbox 691 1802 735 1862; x_wconf 83' lang='grc'><strong>33.</strong></span> <span class='ocrx_word' id='word_1_123' title='bbox 752 1821 831 1874; x_wconf 71' lang='lat' dir='ltr'>praem</span> <span class='ocrx_word' id='word_1_124' title='bbox 846 1809 1046 1874; x_wconf 66' lang='lat' dir='ltr'>uuuotpartas</span> <span class='ocrx_word' id='word_1_125' title='bbox 1061 1811 1139 1873; x_wconf 76' lang='lat' dir='ltr'>atque</span> <span class='ocrx_word' id='word_1_126' title='bbox 1160 1821 1205 1859; x_wconf 78' lang='lat' dir='ltr'>eoa</span> <span class='ocrx_word' id='word_1_127' title='bbox 1226 1824 1289 1876; x_wconf 83' lang='lat' dir='ltr'>por-</span> <span class='ocrx_word' id='word_1_128' title='bbox 1372 1799 1373 1814; x_wconf 57' lang='lat'>¹</span> 
     </span>
     <span class='ocr_line' id='line_1_18' title="bbox 300 1881 1290 1960; baseline -0.002 -14"><span class='ocrx_word' id='word_1_129' title='bbox 300 1900 352 1956; x_wconf 76' lang='lat' dir='ltr'>tna,</span> <span class='ocrx_word' id='word_1_130' title='bbox 366 1893 457 1960; x_wconf 77' lang='lat' dir='ltr'>quitus</span> <span class='ocrx_word' id='word_1_131' title='bbox 471 1892 591 1944; x_wconf 80' lang='lat' dir='ltr'>vitamet</span> <span class='ocrx_word' id='word_1_132' title='bbox 605 1891 727 1959; x_wconf 73' lang='lat' dir='ltr'>spiritum</span> <span class='ocrx_word' id='word_1_133' title='bbox 745 1889 849 1953; x_wconf 66' lang='lat' dir='ltr'>alantis,</span> <span class='ocrx_word' id='word_1_134' title='bbox 864 1888 892 1940; x_wconf 81' lang='lat' dir='ltr'>io</span> <span class='ocrx_word' id='word_1_135' title='bbox 905 1881 1064 1960; x_wconf 46' lang='lat' dir='ltr'>pendanum</span> <span class='ocrx_word' id='word_1_136' title='bbox 1074 1889 1161 1957; x_wconf 73' lang='lat' dir='ltr'>saitae</span> <span class='ocrx_word' id='word_1_137' title='bbox 1173 1897 1290 1958; x_wconf 79' lang='lat' dir='ltr'>potesta·</span> 
     </span>
     <span class='ocr_line' id='line_1_19' title="bbox 298 1971 1290 2046; baseline -0.005 -15"><span class='ocrx_word' id='word_1_138' title='bbox 298 1984 350 2031; x_wconf 84' lang='lat' dir='ltr'>tem</span> <span class='ocrx_word' id='word_1_139' title='bbox 365 1977 461 2029; x_wconf 77' lang='lat' dir='ltr'>sciatis.</span> <span class='ocrx_word' id='word_1_140' title='bbox 497 1971 693 2038; x_wconf 69' lang='lat' dir='ltr'>Gallinam.</span> <span class='ocrx_word' id='word_1_141' title='bbox 714 1979 809 2026; x_wconf 85' lang='lat' dir='ltr'>narrat</span> <span class='ocrx_word' id='word_1_142' title='bbox 823 1990 872 2027; x_wconf 77' lang='lat' dir='ltr'>suo</span> <span class='ocrx_word' id='word_1_143' title='bbox 891 1971 1086 2039; x_wconf 63' lang='lat' dir='ltr'>temporetam</span> <span class='ocrx_word' id='word_1_144' title='bbox 1109 1973 1220 2026; x_wconf 69' lang='lat' dir='ltr'>aliis-te</span> <span class='ocrx_word' id='word_1_145' title='bbox 1241 1995 1290 2046; x_wconf 83' lang='lat' dir='ltr'>po-</span> 
     </span>
     <span class='ocr_line' id='line_1_20' title="bbox 300 2057 1287 2134; baseline 0.002 -21"><span class='ocrx_word' id='word_1_146' title='bbox 300 2068 419 2113; x_wconf 74' lang='lat' dir='ltr'>testatem</span> <span class='ocrx_word' id='word_1_147' title='bbox 435 2057 525 2111; x_wconf 78' lang='lat' dir='ltr'>risum</span> <span class='ocrx_word' id='word_1_148' title='bbox 543 2075 602 2110; x_wconf 75' lang='lat' dir='ltr'>esse</span> <span class='ocrx_word' id='word_1_149' title='bbox 619 2057 830 2134; x_wconf 64' lang='lat' dir='ltr'>servantiam,</span> <span class='ocrx_word' id='word_1_150' title='bbox 858 2057 893 2111; x_wconf 84' lang='lat' dir='ltr'>ab</span> <span class='ocrx_word' id='word_1_151' title='bbox 908 2057 972 2110; x_wconf 80' lang='lat' dir='ltr'>aliie</span> <span class='ocrx_word' id='word_1_152' title='bbox 994 2057 1139 2110; x_wconf 78' lang='lat' dir='ltr'>defensum</span> <span class='ocrx_word' id='word_1_153' title='bbox 1160 2065 1190 2113; x_wconf 85' lang='lat' dir='ltr'>et</span> <span class='ocrx_word' id='word_1_154' title='bbox 1211 2069 1287 2116; x_wconf 79' lang='lat' dir='ltr'>certa</span> 
     </span>
     <span class='ocr_line' id='line_1_21' title="bbox 300 2141 1285 2210; baseline 0 -14"><span class='ocrx_word' id='word_1_155' title='bbox 300 2143 407 2196; x_wconf 82' lang='lat' dir='ltr'>ratione</span> <span class='ocrx_word' id='word_1_156' title='bbox 423 2148 451 2195; x_wconf 86' lang='lat' dir='ltr'>et</span> <span class='ocrx_word' id='word_1_157' title='bbox 466 2143 630 2200; x_wconf 75' lang='lat' dir='ltr'>auctoritate</span> <span class='ocrx_word' id='word_1_158' title='bbox 648 2149 773 2195; x_wconf 79' lang='lat' dir='ltr'>veterum</span> <span class='ocrx_word' id='word_1_159' title='bbox 797 2143 980 2210; x_wconf 73' lang='lat' dir='ltr'>acciptur-um,</span> <span class='ocrx_word' id='word_1_160' title='bbox 998 2142 1042 2195; x_wconf 90' lang='lat' dir='ltr'>cui</span> <span class='ocrx_word' id='word_1_161' title='bbox 1064 2141 1124 2209; x_wconf 77' lang='lat' dir='ltr'>ipae</span> <span class='ocrx_word' id='word_1_162' title='bbox 1140 2144 1217 2198; x_wconf 74' lang='lat' dir='ltr'>aaut</span> <span class='ocrx_word' id='word_1_163' title='bbox 1238 2163 1285 2199; x_wconf 79' lang='lat' dir='ltr'>eo-</span> 
     </span>
     <span class='ocr_line' id='line_1_22' title="bbox 298 2225 1285 2298; baseline 0.004 -17"><span class='ocrx_word' id='word_1_164' title='bbox 298 2245 364 2281; x_wconf 90' lang='lat' dir='ltr'>nnm</span> <span class='ocrx_word' id='word_1_165' title='bbox 383 2233 411 2281; x_wconf 90' lang='lat' dir='ltr'>et</span> <span class='ocrx_word' id='word_1_166' title='bbox 425 2225 582 2294; x_wconf 75' lang='lat' dir='ltr'>posituram.</span> <span class='ocrx_word' id='word_1_167' title='bbox 617 2228 648 2280; x_wconf 89' lang='lat' dir='ltr'>ln</span> <span class='ocrx_word' id='word_1_168' title='bbox 665 2225 746 2280; x_wconf 79' lang='lat' dir='ltr'>libris</span> <span class='ocrx_word' id='word_1_169' title='bbox 758 2227 866 2297; x_wconf 74' lang='lat' dir='ltr'>scriptis</span> <span class='ocrx_word' id='word_1_170' title='bbox 880 2227 965 2280; x_wconf 76' lang='lat' dir='ltr'>lrorlio</span> <span class='ocrx_word' id='word_1_171' title='bbox 982 2226 1085 2296; x_wconf 76' lang='lat' dir='ltr'>legitur</span> <span class='ocrx_word' id='word_1_172' title='bbox 1107 2228 1135 2279; x_wconf 79' lang='lat' dir='ltr'>in</span> <span class='ocrx_word' id='word_1_173' title='bbox 1147 2238 1285 2298; x_wconf 74' lang='lat' dir='ltr'>potestate.</span> 
     </span>
     <span class='ocr_line' id='line_1_23' title="bbox 298 2311 1285 2377; baseline 0.002 -12"><span class='ocrx_word' id='word_1_174' title='bbox 298 2313 359 2366; x_wconf 87' lang='lat' dir='ltr'>Vid.</span> <span class='ocrx_word' id='word_1_175' title='bbox 379 2311 582 2366; x_wconf 78' lang='lat' dir='ltr'>Steinmetaiua.</span> <span class='ocrx_word' id='word_1_176' title='bbox 616 2312 721 2366; x_wconf 82' lang='lat' dir='ltr'>Eadem</span> <span class='ocrx_word' id='word_1_177' title='bbox 739 2319 781 2366; x_wconf 85' lang='lat' dir='ltr'>est</span> <span class='ocrx_word' id='word_1_178' title='bbox 800 2331 846 2366; x_wconf 78' lang='lat' dir='ltr'>ros</span> <span class='ocrx_word' id='word_1_179' title='bbox 860 2312 888 2366; x_wconf 89' lang='lat' dir='ltr'>in</span> <span class='ocrx_word' id='word_1_180' title='bbox 909 2311 987 2368; x_wconf 82' lang='lat' dir='ltr'>Orat.</span> <span class='ocrx_word' id='word_1_181' title='bbox 1003 2311 1032 2366; x_wconf 88' lang='lat' dir='ltr'>in</span> <span class='ocrx_word' id='word_1_182' title='bbox 1050 2313 1128 2366; x_wconf 86' lang='lat' dir='ltr'>Verr.</span> <span class='ocrx_word' id='word_1_183' title='bbox 1142 2313 1169 2377; x_wconf 70' lang='grc'>2,</span> <span class='ocrx_word' id='word_1_184' title='bbox 1185 2313 1229 2376; x_wconf 72' lang='grc'>21,</span> <span class='ocrx_word' id='word_1_185' title='bbox 1243 2313 1285 2368; x_wconf 78' lang='lat' dir='ltr'>aa.</span> 
     </span>
     <span class='ocr_line' id='line_1_24' title="bbox 297 2395 1285 2468; baseline 0.003 -17"><span class='ocrx_word' id='word_1_186' title='bbox 297 2397 354 2452; x_wconf 77' lang='lat' dir='ltr'>Sea</span> <span class='ocrx_word' id='word_1_187' title='bbox 368 2395 394 2463; x_wconf 78' lang='lat'>5,</span> <span class='ocrx_word' id='word_1_188' title='bbox 410 2396 453 2462; x_wconf 86' lang='grc'>38,</span> <span class='ocrx_word' id='word_1_189' title='bbox 468 2397 511 2450; x_wconf 84' lang='grc'><strong>98.</strong></span> <span class='ocrx_word' id='word_1_190' title='bbox 527 2398 556 2449; x_wconf 79' lang='lat' dir='ltr'>ia</span> <span class='ocrx_word' id='word_1_191' title='bbox 570 2415 660 2450; x_wconf 85' lang='lat' dir='ltr'>eoram</span> <span class='ocrx_word' id='word_1_192' title='bbox 670 2405 825 2467; x_wconf 81' lang='lat' dir='ltr'>potestatem</span> <span class='ocrx_word' id='word_1_193' title='bbox 837 2405 944 2467; x_wconf 72' lang='lat' dir='ltr'>poetam</span> <span class='ocrx_word' id='word_1_194' title='bbox 952 2402 1076 2465; x_wconf 81' lang='lat' dir='ltr'>suturam</span> <span class='ocrx_word' id='word_1_195' title='bbox 1090 2399 1285 2468; x_wconf 67' lang='lat' dir='ltr'>intellegebant.</span> 
     </span>
     <span class='ocr_line' id='line_1_25' title="bbox 299 2481 1285 2553; baseline 0.001 -16"><span class='ocrx_word' id='word_1_196' title='bbox 299 2485 333 2537; x_wconf 79' lang='lat' dir='ltr'>tle</span> <span class='ocrx_word' id='word_1_197' title='bbox 348 2485 417 2553; x_wconf 73' lang='lat' dir='ltr'>Lag.</span> <span class='ocrx_word' id='word_1_198' title='bbox 438 2481 603 2548; x_wconf 69' lang='grc' dir='ltr'>3,11,3Ί.</span> <span class='ocrx_word' id='word_1_199' title='bbox 629 2501 686 2535; x_wconf 77' lang='lat' dir='ltr'>eam</span> <span class='ocrx_word' id='word_1_200' title='bbox 709 2483 836 2550; x_wconf 85' lang='lat' dir='ltr'>optimam</span> <span class='ocrx_word' id='word_1_201' title='bbox 857 2500 913 2535; x_wconf 81' lang='lat' dir='ltr'>rem</span> <span class='ocrx_word' id='word_1_202' title='bbox 934 2484 1067 2552; x_wconf 78' lang='lat' dir='ltr'>publicam</span> <span class='ocrx_word' id='word_1_203' title='bbox 1087 2501 1140 2536; x_wconf 80' lang='lat' dir='ltr'>esse</span> <span class='ocrx_word' id='word_1_204' title='bbox 1159 2488 1234 2550; x_wconf 75' lang='grc' dir='ltr'>ἀίοο,</span> <span class='ocrx_word' id='word_1_205' title='bbox 1252 2514 1285 2528; x_wconf 91' lang='grc'>-</span> 
     </span>
     <span class='ocr_line' id='line_1_26' title="bbox 299 2553 1285 2638; baseline 0.005 -18"><span class='ocrx_word' id='word_1_206' title='bbox 299 2587 364 2638; x_wconf 78' lang='lat' dir='ltr'>quae</span> <span class='ocrx_word' id='word_1_207' title='bbox 378 2569 413 2621; x_wconf 76' lang='lat' dir='ltr'>rit</span> <span class='ocrx_word' id='word_1_208' title='bbox 429 2569 457 2620; x_wconf 81' lang='lat' dir='ltr'>ia</span> <span class='ocrx_word' id='word_1_209' title='bbox 469 2553 623 2636; x_wconf 77' lang='lat' dir='ltr'>potestatem</span> <span class='ocrx_word' id='word_1_210' title='bbox 639 2567 801 2636; x_wconf 80' lang='lat' dir='ltr'>optimorum.</span> <span class='ocrx_word' id='word_1_211' title='bbox 835 2566 884 2619; x_wconf 82' lang='lat' dir='ltr'>ubi</span> <span class='ocrx_word' id='word_1_212' title='bbox 906 2567 977 2622; x_wconf 84' lang='lat' dir='ltr'>coni.</span> <span class='ocrx_word' id='word_1_213' title='bbox 998 2568 1131 2621; x_wconf 80' lang='lat' dir='ltr'>Goerena.</span> <span class='ocrx_word' id='word_1_214' title='bbox 1168 2569 1285 2637; x_wconf 79' lang='lat' dir='ltr'>Quintil.</span> 
     </span>
     <span class='ocr_line' id='line_1_27' title="bbox 298 2651 1284 2720; baseline 0.008 -17"><span class='ocrx_word' id='word_1_215' title='bbox 298 2651 325 2716; x_wconf 89' lang='grc'>6,</span> <span class='ocrx_word' id='word_1_216' title='bbox 341 2653 368 2714; x_wconf 89' lang='grc'>2,</span> <span class='ocrx_word' id='word_1_217' title='bbox 384 2651 428 2703; x_wconf 84' lang='grc'>29.</span> <span class='ocrx_word' id='word_1_218' title='bbox 443 2668 522 2718; x_wconf 82' lang='lat' dir='ltr'>aeque</span> <span class='ocrx_word' id='word_1_219' title='bbox 536 2652 603 2702; x_wconf 84' lang='lat' dir='ltr'>euim</span> <span class='ocrx_word' id='word_1_220' title='bbox 616 2659 677 2703; x_wconf 82' lang='lat' dir='ltr'>aunt</span> <span class='ocrx_word' id='word_1_221' title='bbox 694 2659 777 2703; x_wconf 74' lang='lat' dir='ltr'>moun</span> <span class='ocrx_word' id='word_1_222' title='bbox 790 2652 819 2702; x_wconf 81' lang='lat' dir='ltr'>ia</span> <span class='ocrx_word' id='word_1_223' title='bbox 832 2658 950 2704; x_wconf 78' lang='lat' dir='ltr'>nostram</span> <span class='ocrx_word' id='word_1_224' title='bbox 962 2660 1126 2720; x_wconf 78' lang='lat' dir='ltr'>potestatem.</span> <span class='ocrx_word' id='word_1_225' title='bbox 1162 2655 1194 2707; x_wconf 81' lang='lat' dir='ltr'>ln</span> <span class='ocrx_word' id='word_1_226' title='bbox 1205 2659 1284 2712; x_wconf 70' lang='lat' dir='ltr'>Gaea</span> 
     </span>
     <span class='ocr_line' id='line_1_28' title="bbox 298 2732 1283 2810; baseline 0.008 -22"><span class='ocrx_word' id='word_1_227' title='bbox 298 2735 333 2788; x_wconf 83' lang='lat' dir='ltr'>ll.</span> <span class='ocrx_word' id='word_1_228' title='bbox 348 2735 400 2787; x_wconf 82' lang='lat' dir='ltr'>civ.</span> <span class='ocrx_word' id='word_1_229' title='bbox 417 2735 443 2798; x_wconf 89' lang='lat'>1,</span> <span class='ocrx_word' id='word_1_230' title='bbox 457 2733 501 2784; x_wconf 79' lang='lat'>25.</span> <span class='ocrx_word' id='word_1_231' title='bbox 519 2733 627 2785; x_wconf 78' lang='lat' dir='ltr'>codices</span> <span class='ocrx_word' id='word_1_232' title='bbox 649 2733 819 2808; x_wconf 82' lang='lat' dir='ltr'>epnsentiunt</span> <span class='ocrx_word' id='word_1_233' title='bbox 834 2732 862 2786; x_wconf 88' lang='lat' dir='ltr'>in</span> <span class='ocrx_word' id='word_1_234' title='bbox 877 2735 972 2788; x_wconf 82' lang='lat' dir='ltr'>verbis</span> <span class='ocrx_word' id='word_1_235' title='bbox 985 2737 1014 2788; x_wconf 81' lang='lat' dir='ltr'>ia</span> <span class='ocrx_word' id='word_1_236' title='bbox 1025 2745 1172 2806; x_wconf 82' lang='lat' dir='ltr'>potestate:</span> <span class='ocrx_word' id='word_1_237' title='bbox 1195 2757 1283 2810; x_wconf 79' lang='lat' dir='ltr'>neque</span> 
     </span>
     <span class='ocr_line' id='line_1_29' title="bbox 297 2814 1284 2889; baseline 0.009 -18"><span class='ocrx_word' id='word_1_238' title='bbox 297 2818 379 2872; x_wconf 84' lang='lat' dir='ltr'>aliter</span> <span class='ocrx_word' id='word_1_239' title='bbox 396 2817 424 2870; x_wconf 89' lang='lat' dir='ltr'>in</span> <span class='ocrx_word' id='word_1_240' title='bbox 439 2817 499 2870; x_wconf 80' lang='lat' dir='ltr'>Liv.</span> <span class='ocrx_word' id='word_1_241' title='bbox 514 2814 559 2880; x_wconf 82' lang='lat'>45,</span> <span class='ocrx_word' id='word_1_242' title='bbox 574 2816 608 2880; x_wconf 87' lang='lat' dir='ltr'>o,</span> <span class='ocrx_word' id='word_1_243' title='bbox 622 2815 666 2868; x_wconf 88' lang='grc'>12.</span> <span class='ocrx_word' id='word_1_244' title='bbox 687 2817 734 2868; x_wconf 85' lang='lat' dir='ltr'>sed</span> <span class='ocrx_word' id='word_1_245' title='bbox 750 2817 777 2883; x_wconf 82' lang='lat'>2,</span> <span class='ocrx_word' id='word_1_246' title='bbox 792 2816 834 2882; x_wconf 77' lang='lat'>14,</span> <span class='ocrx_word' id='word_1_247' title='bbox 849 2817 875 2871; x_wconf 81' lang='grc'><strong>4.</strong></span> <span class='ocrx_word' id='word_1_248' title='bbox 894 2838 960 2889; x_wconf 81' lang='lat' dir='ltr'>qaae</span> <span class='ocrx_word' id='word_1_249' title='bbox 977 2821 1078 2888; x_wconf 88' lang='lat' dir='ltr'>(auctio</span> <span class='ocrx_word' id='word_1_250' title='bbox 1092 2824 1220 2879; x_wconf 84' lang='lat' dir='ltr'>fortunae</span> <span class='ocrx_word' id='word_1_251' title='bbox 1234 2846 1284 2880; x_wconf 87' lang='lat' dir='ltr'>re-</span> 
     </span>
     <span class='ocr_line' id='line_1_30' title="bbox 297 2902 1284 2976; baseline 0.011 -22"><span class='ocrx_word' id='word_1_252' title='bbox 297 2902 374 2973; x_wconf 81' lang='lat' dir='ltr'>giae)</span> <span class='ocrx_word' id='word_1_253' title='bbox 392 2921 424 2954; x_wconf 85' lang='lat' dir='ltr'>ne</span> <span class='ocrx_word' id='word_1_254' title='bbox 437 2904 466 2953; x_wconf 82' lang='lat' dir='ltr'>ia</span> <span class='ocrx_word' id='word_1_255' title='bbox 479 2909 630 2971; x_wconf 85' lang='lat' dir='ltr'>potestatem</span> <span class='ocrx_word' id='word_1_256' title='bbox 647 2903 749 2970; x_wconf 78' lang='lat' dir='ltr'>quidem</span> <span class='ocrx_word' id='word_1_257' title='bbox 759 2905 851 2974; x_wconf 79' lang='lat' dir='ltr'>populi</span> <span class='ocrx_word' id='word_1_258' title='bbox 869 2906 974 2957; x_wconf 80' lang='lat' dir='ltr'>romani</span> <span class='ocrx_word' id='word_1_259' title='bbox 987 2915 1057 2960; x_wconf 77' lang='lat' dir='ltr'>esset.</span> <span class='ocrx_word' id='word_1_260' title='bbox 1092 2915 1120 2961; x_wconf 83' lang='lat' dir='ltr'>ct</span> <span class='ocrx_word' id='word_1_261' title='bbox 1137 2908 1182 2975; x_wconf 77' lang='lat'>24,</span> <span class='ocrx_word' id='word_1_262' title='bbox 1197 2913 1223 2976; x_wconf 90' lang='grc'>1,</span> <span class='ocrx_word' id='word_1_263' title='bbox 1240 2913 1284 2965; x_wconf 87' lang='grc'>13.</span> 
     </span>
     <span class='ocr_line' id='line_1_31' title="bbox 298 2986 1283 3058; baseline 0.011 -19"><span class='ocrx_word' id='word_1_264' title='bbox 298 2987 395 3055; x_wconf 89' lang='lat' dir='ltr'>optimi</span> <span class='ocrx_word' id='word_1_265' title='bbox 411 2986 490 3039; x_wconf 78' lang='lat' dir='ltr'>libri:</span> <span class='ocrx_word' id='word_1_266' title='bbox 511 2994 542 3040; x_wconf 86' lang='lat' dir='ltr'>at</span> <span class='ocrx_word' id='word_1_267' title='bbox 562 3015 593 3026; x_wconf 95' lang='lat'>-</span> <span class='ocrx_word' id='word_1_268' title='bbox 610 2995 702 3058; x_wconf 79' lang='lat' dir='ltr'>portae</span> <span class='ocrx_word' id='word_1_269' title='bbox 718 2987 745 3038; x_wconf 85' lang='lat' dir='ltr'>in</span> <span class='ocrx_word' id='word_1_270' title='bbox 763 2995 914 3056; x_wconf 83' lang='lat' dir='ltr'>potestatem</span> <span class='ocrx_word' id='word_1_271' title='bbox 930 2991 1093 3046; x_wconf 62' lang='lat' dir='ltr'>hermiam</span> <span class='ocrx_word' id='word_1_272' title='bbox 1113 3002 1186 3049; x_wconf 86' lang='lat' dir='ltr'>esset.</span> <span class='ocrx_word' id='word_1_273' title='bbox 1221 2997 1283 3051; x_wconf 86' lang='lat' dir='ltr'>Vol.</span> 
     </span>
     <span class='ocr_line' id='line_1_32' title="bbox 297 3057 1283 3148; baseline 0.01 -22"><span class='ocrx_word' id='word_1_274' title='bbox 297 3073 372 3126; x_wconf 87' lang='lat' dir='ltr'>Max.</span> <span class='ocrx_word' id='word_1_275' title='bbox 395 3073 428 3137; x_wconf 87' lang='lat'>1,</span> <span class='ocrx_word' id='word_1_276' title='bbox 452 3071 486 3137; x_wconf 88' lang='grc'>6,</span> <span class='ocrx_word' id='word_1_277' title='bbox 505 3069 532 3125; x_wconf 92' lang='grc'><strong>3.</strong></span> <span class='ocrx_word' id='word_1_278' title='bbox 567 3073 604 3125; x_wconf 73' lang='lat' dir='ltr'>sic</span> <span class='ocrx_word' id='word_1_279' title='bbox 633 3072 700 3126; x_wconf 82' lang='lat' dir='ltr'>caim</span> <span class='ocrx_word' id='word_1_280' title='bbox 723 3071 800 3133; x_wconf 78' lang='lat' dir='ltr'>Veios</span> <span class='ocrx_word' id='word_1_281' title='bbox 824 3075 854 3126; x_wconf 81' lang='lat' dir='ltr'>ta</span> <span class='ocrx_word' id='word_1_282' title='bbox 881 3057 1034 3146; x_wconf 70' lang='lat' dir='ltr'>potestatem</span> <span class='ocrx_word' id='word_1_283' title='bbox 1059 3080 1154 3148; x_wconf 83' lang='lat' dir='ltr'>populi</span> <span class='ocrx_word' id='word_1_284' title='bbox 1178 3083 1283 3136; x_wconf 69' lang='lat' dir='ltr'>ramma</span> 
     </span>
    </p>

    <p class='ocr_par' dir='ltr' id='par_1_5' title="bbox 246 3165 409 3229">
     <span class='ocr_line' id='line_1_33' title="bbox 246 3165 409 3229; baseline 0 -19"><span class='ocrx_word' id='word_1_285' title='bbox 246 3195 249 3210; x_wconf 81' lang='grc'>,</span> <span class='ocrx_word' id='word_1_286' title='bbox 291 3165 409 3229; x_wconf 77' lang='lat' dir='ltr'>futuros.</span> 
     </span>
    </p>
   </div>
   <div class='ocr_carea' id='block_1_5' title="bbox 255 3271 1285 3856">
    <p class='ocr_par' dir='ltr' id='par_1_6' title="bbox 333 3271 1281 3347">
     <span class='ocr_line' id='line_1_34' title="bbox 333 3271 1281 3347; baseline 0.007 -19"><span class='ocrx_word' id='word_1_287' title='bbox 333 3275 446 3328; x_wconf 76' lang='lat' dir='ltr'>Sallust.</span> <span class='ocrx_word' id='word_1_288' title='bbox 461 3273 521 3340; x_wconf 79' lang='lat' dir='ltr'>lug.</span> <span class='ocrx_word' id='word_1_289' title='bbox 538 3271 598 3338; x_wconf 89' lang='grc'>112,</span> <span class='ocrx_word' id='word_1_290' title='bbox 612 3273 638 3326; x_wconf 90' lang='grc'><strong>3.</strong></span> <span class='ocrx_word' id='word_1_291' title='bbox 656 3275 830 3342; x_wconf 81' lang='lat' dir='ltr'>quamtulam</span> <span class='ocrx_word' id='word_1_292' title='bbox 843 3275 928 3327; x_wconf 85' lang='lat' dir='ltr'>ciram</span> <span class='ocrx_word' id='word_1_293' title='bbox 949 3277 978 3329; x_wconf 82' lang='lat' dir='ltr'>io</span> <span class='ocrx_word' id='word_1_294' title='bbox 996 3285 1153 3347; x_wconf 80' lang='lat' dir='ltr'>potestatem</span> <span class='ocrx_word' id='word_1_295' title='bbox 1174 3281 1281 3336; x_wconf 76' lang='grc' dir='ltr'>1ωόιὼ-</span> 
     </span>
    </p>

    <p class='ocr_par' dir='ltr' id='par_1_7' title="bbox 275 3357 1281 3436">
     <span class='ocr_line' id='line_1_35' title="bbox 275 3357 1281 3436; baseline 0.006 -22"><span class='ocrx_word' id='word_1_296' title='bbox 275 3368 341 3414; x_wconf 73' lang='lat' dir='ltr'>aet.</span> <span class='ocrx_word' id='word_1_297' title='bbox 375 3358 454 3411; x_wconf 76' lang='lat' dir='ltr'>Auct-</span> <span class='ocrx_word' id='word_1_298' title='bbox 473 3357 545 3408; x_wconf 85' lang='lat' dir='ltr'>Belt.</span> <span class='ocrx_word' id='word_1_299' title='bbox 565 3357 644 3425; x_wconf 79' lang='lat' dir='ltr'>Hiep.</span> <span class='ocrx_word' id='word_1_300' title='bbox 658 3357 702 3424; x_wconf 89' lang='grc'>36,</span> <span class='ocrx_word' id='word_1_301' title='bbox 717 3359 743 3410; x_wconf 93' lang='grc'>1.</span> <span class='ocrx_word' id='word_1_302' title='bbox 777 3358 881 3413; x_wconf 88' lang='lat' dir='ltr'>Omitto</span> <span class='ocrx_word' id='word_1_303' title='bbox 902 3362 1014 3415; x_wconf 82' lang='lat' dir='ltr'>nomina</span> <span class='ocrx_word' id='word_1_304' title='bbox 1036 3363 1213 3430; x_wconf 83' lang='lat' dir='ltr'>criticorum,</span> <span class='ocrx_word' id='word_1_305' title='bbox 1232 3367 1281 3436; x_wconf 79' lang='lat' dir='ltr'>qui</span> 
     </span>
    </p>

    <p class='ocr_par' dir='ltr' id='par_1_8' title="bbox 294 3441 1285 3513">
     <span class='ocr_line' id='line_1_36' title="bbox 294 3441 1285 3513; baseline 0.01 -17"><span class='ocrx_word' id='word_1_306' title='bbox 294 3444 328 3497; x_wconf 86' lang='lat' dir='ltr'>de</span> <span class='ocrx_word' id='word_1_307' title='bbox 349 3445 402 3496; x_wconf 82' lang='lat' dir='ltr'>lruo</span> <span class='ocrx_word' id='word_1_308' title='bbox 424 3441 571 3493; x_wconf 86' lang='lat' dir='ltr'>verborum</span> <span class='ocrx_word' id='word_1_309' title='bbox 592 3443 791 3496; x_wconf 78' lang='lat' dir='ltr'>construetione</span> <span class='ocrx_word' id='word_1_310' title='bbox 816 3443 1004 3513; x_wconf 75' lang='lat' dir='ltr'>disputarunta</span> <span class='ocrx_word' id='word_1_311' title='bbox 1037 3455 1100 3502; x_wconf 83' lang='lat' dir='ltr'>eunt</span> <span class='ocrx_word' id='word_1_312' title='bbox 1123 3448 1263 3506; x_wconf 85' lang='lat' dir='ltr'>innumeri</span> <span class='ocrx_word' id='word_1_313' title='bbox 1271 3471 1285 3507; x_wconf 73' lang='lat' dir='ltr'>a·</span> 
     </span>
    </p>

    <p class='ocr_par' dir='ltr' id='par_1_9' title="bbox 255 3515 1281 3607">
     <span class='ocr_line' id='line_1_37' title="bbox 255 3515 1281 3607; baseline 0.012 -27"><span class='ocrx_word' id='word_1_314' title='bbox 255 3519 259 3528; x_wconf 17' lang='grc' dir='ltr'>Κ</span> <span class='ocrx_word' id='word_1_315' title='bbox 292 3528 375 3595; x_wconf 85' lang='lat' dir='ltr'>pauci</span> <span class='ocrx_word' id='word_1_316' title='bbox 395 3526 530 3580; x_wconf 78' lang='lat' dir='ltr'>meliores.</span> <span class='ocrx_word' id='word_1_317' title='bbox 565 3527 597 3580; x_wconf 88' lang='lat' dir='ltr'>ln</span> <span class='ocrx_word' id='word_1_318' title='bbox 613 3527 671 3579; x_wconf 82' lang='lat' dir='ltr'>uic.</span> <span class='ocrx_word' id='word_1_319' title='bbox 687 3527 761 3580; x_wconf 87' lang='lat' dir='ltr'>Phil.</span> <span class='ocrx_word' id='word_1_320' title='bbox 776 3527 811 3594; x_wconf 88' lang='grc'>3,</span> <span class='ocrx_word' id='word_1_321' title='bbox 825 3525 858 3593; x_wconf 87' lang='lat'>4,</span> <span class='ocrx_word' id='word_1_322' title='bbox 874 3528 901 3582; x_wconf 84' lang='grc'><strong>8.</strong></span> <span class='ocrx_word' id='word_1_323' title='bbox 924 3515 1061 3600; x_wconf 78' lang='lat' dir='ltr'>pollicetar</span> <span class='ocrx_word' id='word_1_324' title='bbox 1079 3535 1147 3587; x_wconf 76' lang='lat' dir='ltr'>euim</span> <span class='ocrx_word' id='word_1_325' title='bbox 1168 3555 1197 3588; x_wconf 82' lang='lat' dir='ltr'>ee</span> <span class='ocrx_word' id='word_1_326' title='bbox 1215 3556 1281 3607; x_wconf 81' lang='lat' dir='ltr'>pro-</span> 
     </span>
    </p>

    <p class='ocr_par' dir='ltr' id='par_1_10' title="bbox 294 3613 1280 3694">
     <span class='ocr_line' id='line_1_38' title="bbox 294 3613 1280 3694; baseline 0.009 -30"><span class='ocrx_word' id='word_1_327' title='bbox 294 3613 406 3665; x_wconf 80' lang='lat' dir='ltr'>oineiom</span> <span class='ocrx_word' id='word_1_328' title='bbox 422 3613 538 3664; x_wconf 82' lang='lat' dir='ltr'>Galliam</span> <span class='ocrx_word' id='word_1_329' title='bbox 553 3621 714 3666; x_wconf 81' lang='lat' dir='ltr'>retentarum</span> <span class='ocrx_word' id='word_1_330' title='bbox 729 3614 757 3664; x_wconf 79' lang='lat' dir='ltr'>in</span> <span class='ocrx_word' id='word_1_331' title='bbox 771 3621 877 3666; x_wconf 74' lang='lat' dir='ltr'>motas</span> <span class='ocrx_word' id='word_1_332' title='bbox 886 3617 1024 3684; x_wconf 77' lang='lat' dir='ltr'>populique</span> <span class='ocrx_word' id='word_1_333' title='bbox 1044 3623 1152 3684; x_wconf 49' lang='lat' dir='ltr'>romunt,</span> <span class='ocrx_word' id='word_1_334' title='bbox 1163 3631 1280 3694; x_wconf 73' lang='lat' dir='ltr'>potenta-</span> 
     </span>
    </p>

    <p class='ocr_par' dir='ltr' id='par_1_11' title="bbox 293 3695 1280 3856">
     <span class='ocr_line' id='line_1_39' title="bbox 293 3695 1280 3766; baseline 0.011 -16"><span class='ocrx_word' id='word_1_335' title='bbox 293 3704 355 3750; x_wconf 87' lang='lat' dir='ltr'>tem.</span> <span class='ocrx_word' id='word_1_336' title='bbox 389 3696 528 3750; x_wconf 81' lang='lat' dir='ltr'>Differunt</span> <span class='ocrx_word' id='word_1_337' title='bbox 543 3695 652 3766; x_wconf 80' lang='lat' dir='ltr'>quidem</span> <span class='ocrx_word' id='word_1_338' title='bbox 666 3695 747 3764; x_wconf 85' lang='lat' dir='ltr'>libri,</span> <span class='ocrx_word' id='word_1_339' title='bbox 766 3704 856 3752; x_wconf 80' lang='lat' dir='ltr'>lanian</span> <span class='ocrx_word' id='word_1_340' title='bbox 879 3700 963 3754; x_wconf 88' lang='lat' dir='ltr'>ctiam</span> <span class='ocrx_word' id='word_1_341' title='bbox 978 3703 1167 3758; x_wconf 76' lang='lat' dir='ltr'>accusativum</span> <span class='ocrx_word' id='word_1_342' title='bbox 1189 3707 1280 3761; x_wconf 82' lang='lat' dir='ltr'>vindi-</span> 
     </span>
     <span class='ocr_line' id='line_1_40' title="bbox 295 3781 969 3856; baseline 0.006 -22"><span class='ocrx_word' id='word_1_343' title='bbox 295 3781 419 3856; x_wconf 80' lang='lat' dir='ltr'>cabirpnn</span> <span class='ocrx_word' id='word_1_344' title='bbox 434 3781 630 3848; x_wconf 83' lang='lat' dir='ltr'>explicatione:</span> <span class='ocrx_word' id='word_1_345' title='bbox 648 3788 680 3834; x_wconf 89' lang='lat' dir='ltr'>ut</span> <span class='ocrx_word' id='word_1_346' title='bbox 697 3787 769 3834; x_wconf 77' lang='lat' dir='ltr'>esset</span> <span class='ocrx_word' id='word_1_347' title='bbox 786 3782 814 3834; x_wconf 91' lang='lat' dir='ltr'>in</span> <span class='ocrx_word' id='word_1_348' title='bbox 828 3791 969 3852; x_wconf 79' lang='lat' dir='ltr'>potestate.</span> 
     </span>
    </p>
   </div>
   <div class='ocr_carea' id='block_1_6' title="bbox 293 3887 1278 4057">
    <p class='ocr_par' dir='ltr' id='par_1_12' title="bbox 293 3887 1278 4057">
     <span class='ocr_line' id='line_1_41' title="bbox 328 3887 1278 3976; baseline 0.015 -26"><span class='ocrx_word' id='word_1_349' title='bbox 328 3899 360 3950; x_wconf 84' lang='lat' dir='ltr'>In</span> <span class='ocrx_word' id='word_1_350' title='bbox 370 3916 459 3950; x_wconf 82' lang='lat' dir='ltr'>manas</span> <span class='ocrx_word' id='word_1_351' title='bbox 474 3917 526 3953; x_wconf 87' lang='lat' dir='ltr'>osse</span> <span class='ocrx_word' id='word_1_352' title='bbox 539 3887 619 3953; x_wconf 82' lang='lat' dir='ltr'>uerno</span> <span class='ocrx_word' id='word_1_353' title='bbox 635 3899 712 3963; x_wconf 81' lang='lat' dir='ltr'>(lixit,</span> <span class='ocrx_word' id='word_1_354' title='bbox 732 3897 954 3956; x_wconf 80' lang='lat' dir='ltr'>etiamsicortiue</span> <span class='ocrx_word' id='word_1_355' title='bbox 965 3903 1089 3958; x_wconf 80' lang='lat' dir='ltr'>coelicum</span> <span class='ocrx_word' id='word_1_356' title='bbox 1105 3910 1278 3976; x_wconf 78' lang='lat' dir='ltr'>quorundam</span> 
     </span>
     <span class='ocr_line' id='line_1_42' title="bbox 293 3983 1189 4057; baseline 0.009 -20"><span class='ocrx_word' id='word_1_357' title='bbox 293 3983 456 4038; x_wconf 85' lang='lat' dir='ltr'>auctoritato</span> <span class='ocrx_word' id='word_1_358' title='bbox 472 3984 500 4036; x_wconf 84' lang='lat' dir='ltr'>ia</span> <span class='ocrx_word' id='word_1_359' title='bbox 515 3987 743 4054; x_wconf 73' lang='lat' dir='ltr'>comprobaturus</span> <span class='ocrx_word' id='word_1_360' title='bbox 757 3991 816 4037; x_wconf 85' lang='lat' dir='ltr'>orat</span> <span class='ocrx_word' id='word_1_361' title='bbox 831 3986 859 4039; x_wconf 89' lang='lat' dir='ltr'>in</span> <span class='ocrx_word' id='word_1_362' title='bbox 880 3987 993 4043; x_wconf 80' lang='lat' dir='ltr'>Sallust.</span> <span class='ocrx_word' id='word_1_363' title='bbox 1013 3989 1072 4044; x_wconf 85' lang='lat' dir='ltr'>Cat.</span> <span class='ocrx_word' id='word_1_364' title='bbox 1087 3990 1131 4057; x_wconf 78' lang='lat'>51,</span> <span class='ocrx_word' id='word_1_365' title='bbox 1145 3991 1189 4045; x_wconf 88' lang='grc'>36.</span> 
     </span>
    </p>
   </div>
   <div class='ocr_carea' id='block_1_7' title="bbox 327 4103 1274 4182">
    <p class='ocr_par' dir='ltr' id='par_1_13' title="bbox 327 4103 1274 4182">
     <span class='ocr_line' id='line_1_43' title="bbox 327 4103 1274 4182; baseline 0.011 -24"><span class='ocrx_word' id='word_1_366' title='bbox 327 4103 425 4158; x_wconf 64' lang='lat' dir='ltr'>Planta</span> <span class='ocrx_word' id='word_1_367' title='bbox 439 4105 537 4173; x_wconf 78' lang='lat' dir='ltr'>Amph.</span> <span class='ocrx_word' id='word_1_368' title='bbox 552 4105 578 4172; x_wconf 89' lang='lat'>1,</span> <span class='ocrx_word' id='word_1_369' title='bbox 593 4104 620 4172; x_wconf 91' lang='lat'>1,</span> <span class='ocrx_word' id='word_1_370' title='bbox 636 4103 804 4175; x_wconf 26' lang='lat' dir='ltr'>&amp;lauacro</span> <span class='ocrx_word' id='word_1_371' title='bbox 821 4107 887 4160; x_wconf 71' lang='lat' dir='ltr'>otili</span> <span class='ocrx_word' id='word_1_372' title='bbox 901 4109 928 4162; x_wconf 81' lang='lat' dir='ltr'>ta</span> <span class='ocrx_word' id='word_1_373' title='bbox 944 4118 1054 4182; x_wconf 78' lang='lat' dir='ltr'>meatem</span> <span class='ocrx_word' id='word_1_374' title='bbox 1068 4111 1135 4178; x_wconf 73' lang='lat' dir='ltr'>suit.</span> <span class='ocrx_word' id='word_1_375' title='bbox 1169 4112 1274 4168; x_wconf 81' lang='lat' dir='ltr'>Bacch.</span> 
     </span>
    </p>
   </div>
   <div class='ocr_carea' id='block_1_8' title="bbox 0 0 1410 4732">
    <p class='ocr_par' dir='ltr' id='par_1_14' title="bbox 0 0 1410 4732">
     <span class='ocr_line' id='line_1_44' title="bbox 0 0 1410 4732; baseline 0 3"><span class='ocrx_word' id='word_1_376' title='bbox 0 0 1410 4732; x_wconf 95' lang='lat' dir='ltr'> </span> 
     </span>
    </p>
   </div>
  </div>
 </body>
</html>
