2712 4738
187 267 215 388 i
585 297 822 382 nmmms

200 475 336 540 battonis
354 466 472 538 abhoc
493 469 586 548 loco,
611 478 649 533 nt
665 467 806 552 ridetur,
827 452 974 536 alienam.
1018 465 1143 534 Tamen
1167 471 1223 536 ni-

156 613 161 632 .
200 561 247 627 hil
262 553 540 626 mutandumer-it.
643 567 645 574 ’
1096 578 1099 586 ·

380 757 384 765 ’
496 713 913 820 HACTENVs

280 879 466 955 HAcTtuvs
505 907 547 951 uo
561 882 664 950 modo
677 881 896 968 compositum
911 882 953 945 sit
967 903 1008 946 ex
1025 883 1089 948 bac
1113 869 1146 948 et
1169 897 1221 950 te·
1256 951 1258 956 ,
1344 863 1345 924 l

198 997 278 1052 nris,
307 973 448 1038 diximus
504 975 618 1035 (55.2.
640 990 676 1054 p.
699 969 774 1032 339.
824 965 944 1034 Nexus'
966 979 1073 1032 autem
1100 967 1222 1033 horum

197 1059 432 1124 vocabulorum
452 1065 599 1120 nontam
618 1050 731 1116 firmtm
746 1060 834 1126 erat,
858 1053 936 1136 quin
951 1052 1143 1138 interposito
1159 1054 1221 1118 alio

200 1136 298 1208 verbo
321 1142 463 1227 separari
485 1137 661 1226 potuerint.
708 1135 867 1200 Distracta
918 1147 1072 1200 osuerunt
1095 1149 1221 1218 poetae,

197 1229 350 1314 Virgilius
367 1227 445 1287 Aen.
463 1223 500 1301 Ι5,
515 1228 588 1287 603.
608 1221 640 1302 6,
660 1223 711 1284 62.
733 1221 860 1304 aliique.
927 1232 941 1282 t
957 1221 1104 1286 videntur
1121 1223 1223 1286 fuisse

198 1316 254 1398 qui
280 1330 411 1394 semper
426 1309 496 1372 duc
520 1319 614 1372 tenus
644 1303 830 1369 scriberent.
854 1303 897 1368 cf.
919 1305 1050 1370 Nonius.
1064 1305 1165 1370 Marc.
1190 1311 1222 1388 4,

197 1397 269 1461 384.
320 1395 349 1456 Ο
376 1414 447 1455 erae
476 1393 533 1456 vix
559 1391 701 1478 pretium
726 1391 786 1454 erit
809 1411 1067 1455 commemorare
1086 1391 1223 1478 opinio·

196 1503 273 1544 nem
289 1416 388 1541 6555.
410 1477 531 1556 vossii,
554 1475 862 1562 (1545505555554.
880 1497 913 1560 p.
930 1480 1003 1542 338.
1019 1475 1223 1540 existimabat
1344 1545 1345 1572 1

143 1572 150 1584 ’
196 1567 261 1628 stac
279 1564 310 1626 in
323 1563 483 1625 hactenus
499 1583 570 1626 esse
586 1581 649 1648 pro
660 1559 762 1624 haec.-
783 1575 858 1622 nam
873 1561 943 1645 ipse
961 1561 1092 1625 Vossius
1108 1565 1232 1646 p;329.,
1344 1575 1345 1596 ¹

196 1651 351 1712 docuerat
371 1647 531 1710 hactenns
561 1666 629 1710 esse
659 1645 724 1708 leuc
759 1645 822 1708 inc
852 1656 957 1708 tenus.
1011 1645 1163 1708 Celerum
1188 1649 1222 1710 in

196 1744 358 1819 quatenus
371 1742 406 1793 et
419 1743 582 1816 protenus
596 1738 723 1794 exstant
761 1741 932 1793 ocumenta
948 1727 1083 1793 aliarum
1094 1729 1223 1795 forma-

195 1841 269 1882 rum
292 1816 449 1902 quatinus
468 1827 498 1880 et
516 1816 690 1900 protinus,
710 1815 744 1877 in
765 1815 924 1878 hactenus
947 1815 1086 1880 nullum.
1130 1818 1223 1879 Anti-

196 1903 431 1986 qut'dixerunt
457 1902 665 1964 lscccetenus.
721 1897 758 1962 ld
785 1909 897 1963 narrat
928 1898 1010 1963 Mar.
1035 1901 1220 1964 Victorinus

196 1989 267 2049 Art.
286 2009 335 2072 gr.
349 2008 384 2070 p.
401 1985 494 2050 2457.
514 1987 675 2050 nectentis
689 1995 803 2050 cutem
820 1995 853 2048 et
866 1983 988 2066 555555
1006 2007 1077 2048 non
1098 1997 1134 2049 ut
1153 2009 1222 2049 on-

192 2065 282 2157 'ts'qus'
296 2071 510 2146 beccelenus,
531 2067 701 2132 lincceclie.
1149 2128 1151 2132 .

175 2183 179 2188 ·
277 2153 327 2216 Ex
345 2175 409 2239 quo
425 2155 588 2218 Manutius
603 2151 644 2216 55
661 2153 728 2215 Cic.
742 2146 848 2240 Epist.
867 2157 907 2230 2,
924 2157 952 2216 1.
977 2152 1017 2218 55
1038 2152 1098 2216 hac
1113 2153 1222 2238 parti-

111 2263 114 2270 ·
195 2239 266 2302 cula
291 2240 554 2317 disseruit,'eam
577 2259 707 2323 semper
727 2235 773 2299 55
797 2259 832 2299 re
854 2239 1024 2322 usurpari,
1047 2237 1157 2301 adlutc
1181 2237 1222 2302 de

178 2315 362 2410 ¹tempore,
385 2324 588 2413 grammatici
602 2330 638 2386 in
655 2321 732 2384 duas
750 2331 859 2407 partes
881 2320 1118 2404 discesserunt,
1140 2342 1221 2406 qua-

194 2429 270 2472 rum
290 2408 389 2472 altera
410 2411 504 2472 istam
526 2405 967 2492 sentcntiamimpugnabat,
985 2408 1083 2470 altera
1106 2405 1220 2470 desen-

195 2494 274 2556 dcns
294 2493 535 2558 demonstrabat
553 2495 713 2555 hactenus
731 2491 860 2565 locum,
885 2513 953 2554 aon
975 2501 1104 2576 tempus
1122 2491 1222 2575 sigui-

170 2600 173 2606 ·
194 2576 315 2640 ficare*
340 2577 414 2640 Vid.
432 2576 539 2641 Gifan.
555 2573 692 2638 Observ.
734 2619 744 2638 .
760 2579 833 2639 291.
850 2574 951 2662 (556).
986 2573 1121 2640 Goclen.
1137 2577 1221 2639 Pro-

194 2662 294 2732 blem.
319 2683 369 2747 gr.
385 2666 423 2739 2,
445 2667 498 2726 22.
540 2659 688 2722 Vorstius
706 2595 746 2722 de
759 2661 864 2724 Latin.
887 2660 1003 2727 merito
1019 2681 1108 2748 susp.
1125 2682 1151 2724 c.
1172 2665 1224 2725 18.

194 2744 371 2810 Ruhnken.
388 2745 428 2810 55
456 2745 573 2813 Mureti
599 2745 663 2830 Op.
678 2744 719 2808 Τ.
736 2749 767 2808 2.
791 2768 824 2831 p.
841 2747 913 2810 653.
930 2755 963 2807 et
984 2743 1026 2810 Τ.
1044 2749 1074 2808 4.
1098 2767 1131 2831 p.
1147 2745 1222 2810 593.

193 2829 343 2894 Bromius
361 2830 400 2894 55
417 2831 545 2896 Gornel.
561 2830 645 2895 Mitt.
660 2831 703 2910 5,¹
717 2832 748 2894 5.
792 2829 889 2894 Olaus
912 2829 1095 2894 Borrichius
1112 2839 1224 2894 autom
1310 2863 1313 2870 ¹

194 2917 226 2978 in
242 2915 399 2978 Analectis
416 2937 448 3000 p.
464 2919 514 2980 36.
535 2917 692 3000 tempcris
709 2912 977 2999 significationem
998 2913 1079 2978 locis
1101 2924 1223 2998 poeta-

106 3049 112 3064 .
187 3021 269 3063 ¹rum
293 3010 321 3064 et
346 2999 543 3086 sctiptorum
562 2999 781 3063 recentiorum
800 3001 996 3088 compunctis
1018 2998 1222 3084 probaverat.

195 3083 322 3164 Quibus
340 3083 495 3150 Cellarius
516 3084 551 3148 in
576 3083 744 3150 Antibarb.
768 3107 802 3170 p.
822 3089 891 3148 164.
915 3095 946 3150 et
968 3085 1002 3149 in
1025 3083 1117 3146 Curis
1133 3095 1220 3168 post.

193 3191 227 3255 p
248 3173 320 3232 362.
341 3169 375 3230 id
396 3165 523 3232 'tantum
546 3169 722 3254 opposuit,
745 3189 839 3231 usum
861 3169 1026 3232 Ciceronis
1048 3168 1221 3254 proprium

195 3249 342 3336 apoetis
365 3270 433 3314 esse
457 3251 661 3338 neglectum,
694 3273 712 3314 a
744 3251 976 3317 recentioribus
1006 3253 1221 3338 scriptoribus

195 3335 413 3421 depravatum.
463 3331 553 3397 Tum
574 3333 715 3399 Andreas
735 3335 924 3401 Borrichius
948 3338 982 3400 in
1005 3336 1155 3423 Append.
1180 3339 1222 3402 ad

194 3420 296 3482 Caras
313 3443 343 3506 p.
360 3419 411 3482 74.
435 3413 582 3483 subtilius
604 3421 771 3507 exposuit,
793 3420 941 3486 infinita
964 3421 1070 3506 aliqua
1095 3423 1221 3486 oratio-

193 3506 244 3567 nis
268 3514 377 3592 parte‚
404 3503 459 3568 ubi
481 3505 641 3573 imotenus
667 3505 801 3570 dicimus
812 3551 826 3586 „
849 3507 950 3599 magis
971 3517 1099 3594 tempus
1122 3517 1221 3592 quam

193 3589 303 3652 locum
321 3589 465 3676 intelligi.
508 3591 616 3668 Quare
634 3589 788 3654 Gellarius
806 3589 887 3654 nihil
902 3592 963 3656 sibi
982 3591 1146 3676 reliquum
1169 3593 1219 3656 vi-

194 3673 306 3751 debat,
326 3691 423 3762 quam
449 3685 485 3738 ut
506 3675 542 3737 in
563 3673 767 3762 Discussione
784 3675 978 3762 Appendicis
1002 3699 1036 3763 p.
1053 3678 1114 3739 47.
1130 3675 1219 3740 dice-

98 3779 101 3784 ’
193 3769 263 3840 ret,
286 3759 445 3845 lectotenus
468 3757 508 3822 ad
524 3757 635 3823 locum
660 3759 708 3824 vel
732 3783 804 3824 rem
826 3763 933 3848 potius
949 3761 988 3825 ab
1008 3757 1146 3847 antiq'uis
1164 3782 1219 3824 rc-

191 3841 268 3908 ferri
293 3863 390 3928 quam
413 3843 452 3906 ad
472 3852 610 3930 tempus.
656 3845 731 3926 Quo
754 3849 873 3930 parum
897 3843 1109 3930 efficiebatur.
1153 3845 1219 3910 Sed

191 3923 372 3993 Morhofius
395 3927 433 3992 de
448 3927 529 3991 Pura
554 3927 694 3992 dictione
712 3951 747 4014 p.
765 3931 836 3994 243.
858 3929 1109 4010 demonstravit,
1131 3931 1218 3992 Ger-

190 4027 304 4075 manos
332 4033 407 4076 suae
428 4013 557 4098 linguae
577 4021 636 4076 utu
661 4014 811 4100 deceptos
827 4019 863 4078 'a
886 4036 961 4078 vera
982 4014 1218 4100 significatione

190 4095 337 4164 vocabuli
355 4098 536 4174 aberrasse,
558 4093 655 4187 idque
675 4107 777 4186 quum
797 4111 891 4165 tenus
907 4101 940 4166 in
956 4123 989 4166 se
1004 4099 1159 4182 haberet,
1185 4111 1218 4164 ct
