2680 4746
528 275 668 342 MODO.
1053 282 1114 346 667

147 492 151 501 Ι
182 428 292 481 Terent.
307 425 416 494 Eum,
431 424 457 491 4,
472 424 515 479 46.
539 431 615 482 morta
631 429 684 492 ait,
703 431 880 500 mcdcnegat.
913 421 973 483 Lis.
988 411 1052 498 9,8’,
1068 433 1110 506 ll.
1195 420 1222 503 J

147 513 222 566 Cael.
245 509 276 574 l,
294 510 326 576 1,
341 509 383 563 26.
410 513 486 564 morlo
509 513 612 592 lodium¹
636 514 711 566 crlire
734 521 761 565 et
785 531 907 566 occanum
928 517 1001 568 liter.-
1037 520 1111 572 marla

146 597 285 664 coniugum
305 603 330 648 et
358 595 495 650 liberarum
518 595 670 664 patriaeque
695 599 816 650 memmio
845 600 958 652 cucurrit.
1001 601 1133 666 Sueten„

143 681 214 750 Aug.
228 677 271 732 86.
288 679 370 730 animi
384 680 493 731 iacendi
506 695 597 732 caussa
612 681 686 732 moda
699 683 846 748 piscabatur
858 683 951 744 lcamn,v
960 683 1035 734 macic
1050 685 1109 736 talis
1198 665 1207 683 ⁹

148 772 195 818 aut
210 764 324 816 ocellatis
340 764 490 831 nucibusque
509 761 622 815 ludebat.
650 763 713 816 'Ter
731 765 847 832 positum
861 767 935 818 mado
952 765 1015 818 virle
1039 768 1109 833 apud

18 879 21 897 .
57 872 94 922 .‘
145 843 421 916 (iic.1t.Fuul.l,2.
455 845 514 898 [sir.
529 843 573 910 22,
587 845 629 910 1²,
644 845 668 900 l.
685 857 709 902 et
724 851 799 904 moia
812 851 889 904 citato
905 851 1010 918 agmine
1023 869 1037 902 e
1052 869 1110 903 cars-

145 939 231 1001 spsctu
246 931 355 994 abibat,
364 931 438 982 morlo
451 937 557 1000 repente
577 930 604 982 in
621 931 791 1002 clipuc‘jieru
806 935 863 988 uiae
877 959 910 974 -
934 936 1046 988 occultus
1066 937 1109 986 ab·

144 1017 256 1094 sistebat.
288 1015 332 1066 lta
345 1013 416 1066 enim
432 1019 473 1068 eet
487 1013 691 1079 restituendum.
719 1069 720 1072 ,

66 1141 69 1146 ·
175 1115 247 1170 Cels.
260 1114 287 1180 'l,
302 1113 345 1170 14.
363 1117 454 1186 Meges
466 1123 517 1170 tres
529 1118 578 1170 icas
589 1120 691 1187 pssrsite
709 1121 783 1172 macto
799 1120 986 1172 intestinumue
1011 1119 1107 1171 irrum-

135 1219 219 1271 pere,
243 1201 318 1252 morlo
340 1190 483 1264 amentum,
499 1202 574 1254 marla
590 1203 728 1256 humorem.
771 1202 840 1255 Plin.
861 1202 932 1255 Hist.
956 1219 982 1252 n.
998 1201 1023 1266 2,
1040 1203 1065 1266 u,
1080 1201 1106 1256 6.
1145 1199 1147 1204 ‘

121 1294 169 1340 'et
183 1287 257 1338 morlo
278 1291 384 1336 curvata
405 1284 435 1336 in
456 1301 553 1336 cornua
569 1287 657 1351 faeie,
676 1287 751 1339 mosia
774 1305 858 1356 aequa
878 1288 993 1356 portione
1015 1289 1106 1351 diuisa,

146 1371 221 1422 macla
242 1367 346 1419 sinuata
366 1369 394 1418 in
414 1368 505 1420 arbem.
539 1370 614 1421 Curi.
632 1367 658 1433 6,
675 1371 701 1433 1,
716 1369 741 1422 9.
768 1371 820 1421 diei
840 1377 936 1438 qusque
955 1371 1030 1424 anius
1053 1379 1106 1434 tam
1170 1394 1173 1402 κ

139 1451 272 1520 multiplea
289 1449 450 1502 caeus'madc
469 1467 555 1518 spem,
575 1455 651 1504 merlo
666 1461 762 1508 metum
777 1455 907 1521 utrimque
926 1455 1009 1520 partis
1024 1472 1107 1524 auges

32 1533 34 1536 ’
140 1541 195 1614 bct.
230 1533 351 1586 Lucane.
368 1532 393 1596 i,
408 1532 450 1596 lu,
465 1533 508 1586 ab.
525 1538 623 1588 easdem
638 1553 736 1616 semper
749 1537 847 1590 renasci
864 1538 938 1590 macla
955 1539 983 1588 in
996 1539 1104 1602 maim,

79 1631 81 1640 '
131 1623 215 1674 emeda
232 1621 261 1672 in
275 1621 384 1688 perside,
403 1619 477 1670 mado
490 1620 517 1670 in
533 1620 620 1672 bestia.

175 1723 285 1776 Sallust.
304 1713 363 1771 oct:
379 1717 423 1780 15,
440 1715 465 1770 5,
490 1720 556 1772 citus
577 1721 669 1784 macic,
695 1721 769 1772 mocio
782 1721 884 1772 tardus
903 1721 1027 1773 incessus:
1047 1718 1104 1776 Nu-

29 1807 33 1811 ’
138 1806 201 1859 nius
218 1803 365 1856 Marcellus
384 1807 487 1856 mutulo
508 1805 652 1856 verborum
675 1803 767 1856 ordine
791 1805 865 1856 moria
887 1805 967 1868 citus,
986 1805 1064 1856 morlo
1083 1812 1102 1858 l.

135 1889 194 1944 Set
208 1884 358 1954 particulae
374 1884 448 1938 iuxta
462 1888 564 1952 positae
579 1905 632 1940 usu
648 1888 727 1940 modo
743 1887 846 1938 nullam
861 1887 962 1938 hubent
976 1885 1104 1938 ailensis-

138 1989 219 2035 nem,
243 1970 291 2022 'setl
312 1985 477 2036 magnopere
502 1972 660 2038 placuerunt
686 1970 1001 2038 veteribushominibus.
1035 1969 1101 2022 viae

134 2057 278 2122 Populum.
304 2053 363 2120 lug·
379 2050 423 2114 66,
438 2049 464 2102 4.
482 2055 658 2118 istiusmodo,
673 2059 747 2108 made
757 2056 866 2123 pauidos
881 2057 1101 2106 animadverteres.

139 2140 184 2192 (il.
210 2137 297 2190 Kritz.
320 2137 354 2190 ad
374 2135 431 2187 (let.
457 2135 500 2200 56,
519 2135 545 2188 4.
583 2137 643 2190 Lir.
662 2135 704 2200 38,
726 2137 769 2201 56,
791 2135 816 2190 6.
845 2128 993 2190 arbalonem
1015 2138 1102 2200 macic,

65 2275 68 2281 ,
137 2225 216 2276 mado
229 2229 382 2290 nugatorem
400 2221 526 2289 appellat.
560 2219 607 2273 abi
631 2221 859 2272 defendenda-est
878 2221 1010 2272 librorum
1031 2218 1101 2272 seri-

136 2311 228 2376 pturu.
262 2303 328 2356 Vide
344 2321 371 2355 n.
387 2301 430 2356 14.

151 2420 185 2480 9.
208 2413 244 2477 In
269 2411 411 2477 secundo
436 2423 531 2494 atque
555 2411 585 2475 in
612 2412 707 2474 tertio
730 2403 879 2472 membro
898 2409 977 2473 aliae
998 2411 1100 2496 parti·

65 2501 182 2580 culae,
204 2498 365 2586 imprimis
386 2520 403 2560 a
421 2497 526 2582 poetis
545 2507 574 2558 et
591 2495 803 2579 scriptoribus
829 2496 1014 2557 recentioris
1033 2496 1100 2558 aevi

66 2593 251 2676 ponuntur,
269 2580 637 2668 quaesuntaliq'aaaclo,
655 2579 835 2660 laterclum,
842 2601 1100 2664 nonnumquam,
1140 2655 1143 2662 Ι

64 2693 183 2758 saepe,
207 2690 339 2746 rursus,
359 2688 456 2730 aecae.
506 2665 631 2744 Quibus
662 2664 811 2728 omnibus
843 2664 921 2728 aliae
951 2687 1002 2726 res
1032 2664 1100 2726 aliis
1150 2708 1152 2717 ,

67 2754 276 2840 temporibus
291 2751 393 2815 factae
410 2759 573 2812 notentur.
598 2751 713 2814 Graeci
731 2759 902 2834 opponunt
919 2749 1014 2812 rerba
1030 2748 1100 2813 nori

59 2842 124 2924 ,μὲν
140 2872 186 2888 -
207 2835 351 2898 bilisarii
366 2835 417 2897 vel
432 2836 522 2896 ἐνίοτε
544 2835 585 2896 bi.
630 2834 691 2896 Vbi
707 2833 826 2916 duplex
847 2833 946 2896 modo
968 2853 1100 2918 praece-³
1194 2827 1200 2838 ’

70 2927 139 3000 dit,
163 2920 332 2984 interdum
362 2929 391 2981 et
416 2937 682 3001 nonnumquam,
711 2916 799 3000 quod
828 2917 924 2977 tertio
950 2917 1100 2980 membro

70 3006 233 3082 adiicitur,
256 3013 322 3066 nou
338 3003 421 3066 vices
437 3022 546 3064 rerum
563 3011 708 3078 mutatas,
730 2999 785 3061 sed
804 2999 1008 3062 accedentem
1029 3022 1101 3062 rem

71 3096 232 3164 diversam
260 3089 412 3150 iudicant.
456 3083 506 3148 Cf.
528 3084 715 3148 Doederlini
740 3086 923 3168 Syuonym.
946 3085 1047 3148 Tem.
1068 3087 1099 3150 4.

70 3203 103 3265 p.
126 3175 200 3241 275.
243 3174 305 3236 Seu
334 3180 514 3253 sequuntur
536 3172 632 3233 etiam
659 3171 793 3232 nomina
814 3169 911 3230 nullis
936 3169 1100 3255 particulis

72 3263 232 3326 distincta.
245 3287 246 3290 ¹
258 3259 338 3324 Vide
354 3254 557 3340 Toepferum
573 3257 606 3322 in
619 3255 706 3319 Actis
725 3253 935 3318 Scelerum.
949 3253 1098 3324 Tomis.

486 3341 492 3368 l

72 3373 103 3435 p.
125 3348 194 3410 174.
234 3407 239 3414 .

174 3459 263 3514 Tacit.
287 3461 354 3511 Ana.
374 3458 400 3523 6,
418 3455 460 3511 35.
485 3457 574 3510 uariae
597 3457 654 3510 ltine
677 3457 826 3510 bellantium
844 3455 951 3523 species,
973 3473 1048 3522 quum
1065 3479 1099 3496 -ι
1153 3454 1155 3460 ’

139 3549 277 3598 Sarmatae
291 3545 381 3595 ambro
398 3561 460 3596 areu
478 3570 513 3582 -
533 3543 612 3592 contis
631 3541 777 3608 gladiisque
799 3545 918 3591 ruerant:
932 3540 1004 3590 marla
1025 3556 1097 3604 epuc—

141 3631 202 3682 rtris
217 3629 309 3698 proelii
324 3644 407 3690 more,
420 3627 518 3692 frontis
535 3632 558 3677 et
572 3625 644 3694 tergi
662 3621 744 3688 uices,'
760 3624 915 3690 aliquanda,
934 3627 963 3672 ut
983 3627 1100 3688 cascferta

142 3713 218 3775 acies,
233 3711 378 3777 cerporibus
392 3717 415 3762 et
427 3711 503 3777 pulsu
519 3726 648 3774 armerum
662 3709 790 3776 pellerent,
806 3707 974 3775 pellerentur.
999 3703 1042 3766 16,
1057 3703 1097 3756 16.
1173 3733 1175 3737 -

141 3794 339 3846 ruodamsliebri
347 3793 450 3855 eiulatu,
463 3791 602 3858 capuanis
616 3807 701 3842 secum
716 3807 819 3859 egressa
827 3807 883 3841 vace
895 3789 998 3839 intensa
1011 3781 1099 3849 clami·

143 3879 222 3930 tabat.
256 3875 328 3926 Hist.
341 3872 366 3934 2,
383 3874 426 3928 ll.
446 3874 613 3943 Vespasianus
629 3876 702 3926 mods
716 3875 745 3924 in
758 3891 827 3943 spem
841 3879 945 3934 mactus,
962 3870 1101 3936 aliquanda
1141 3896 1142 3900 =

143 3963 252 4013 aduersa
269 3961 427 4028 reperiebat.
449 3959 516 4010 Auri.
533 3957 558 4024 1,
571 3955 613 4009 81.
636 3957 679 4020 11,
693 3955 737 4009 64.
1081 3968 1082 3972 ’

180 4061 291 4118 Sullust·
313 4058 356 4124 42,
381 4060 406 4111 1.
433 4061 552 4113 stabilitas
573 4058 649 4110 acaia
669 4063 745 4136 atquc
770 4075 799 4109 ec
821 4057 936 4126 perculsa
960 4053 1032 4106 nscia
1050 4066 1101 4122 ‘per
