3132 4718
902 156 909 186 Ι

332 285 335 293 ’
374 293 439 368 san
768 289 827 354 10.
864 287 1011 358 aaran.

456 441 487 507 5.
509 437 687 506 Communi
702 459 762 504 usu
779 435 897 528 poetae
920 424 1111 529 particulam
1135 448 1173 513 io
1205 451 1344 522 duabus
1367 462 1415 548 syl·

376 526 460 591 labia
488 536 519 589 ct
540 524 676 590 iambica
701 537 850 590 mensura
872 531 1142 614 pronuntiabant.
1197 537 1413 609 Nihilominus

314 653 318 658 -
370 611 520 676 Catullus
537 611 569 672 in
586 611 805 698 Epithalamio
822 612 856 674 io
876 613 997 698 hymen
1014 616 1205 702 hymenaee
1232 625 1288 706 io,
1311 631 1412 715 prima

298 760 304 768 ,
369 697 500 761 litterae
522 697 732 759 consonantis
774 706 908 760 otestate
931 699 1063 765 tributa.
1107 703 1171 766 vd.
1197 707 1410 780 Dawesiilli·

370 781 461 845 scell.
481 781 561 846 crit.
582 785 679 867 pau.
760 782 860 844 utatio
882 783 1077 866 verborum,
1099 809 1182 874 quae
1201 795 1339 866 Achilli
1359 801 1408 864 Sta

372 869 419 930 tio
447 865 585 952 placuit,
614 887 681 928 non
712 869 853 951 pertinet
875 867 914 930 ad
937 870 1076 934 modum
1103 877 1312 958 particulae.
1364 887 1406 949 Sed

373 951 575 1015 Scbrndcrus
595 950 627 1012 in
645 951 816 1014 Emendat.
832 951 934 1016 Praef.
959 977 989 1038 p.
1005 957 1057 1020 45.
1084 967 1115 1020 et
1141 965 1238 1046 apud
1260 969 1403 1034 Catullum

366 1048 406 1100 et
424 1035 510 1123 apud
528 1035 709 1099 Martialem
726 1037 992 1122 monosyllabum
1010 1042 1250 1128 corrigendum
1270 1075 1342 1118 esse
1355 1059 1404 1119 eri-

349 1121 543 1198 animabar,
564 1120 653 1204 quod
680 1131 711 1183 et
738 1123 899 1184 sincerum
921 1134 955 1186 et
976 1125 1087 1210 paullo
1110 1130 1273 1200 subtilius
1304 1150 1349 1202 est
1369 1141 1402 1202 di·

257 1271 259 1274 ,
369 1205 612 1292 stinguendum.
662 1205 746 1268 Nam
771 1208 802 1269 in
822 1208 888 1269 istis
912 1207 1062 1274 formulis
1080 1213 1297 1286 solemnibus
1312 1225 1401 1288 homi·

362 1313 448 1354 num
474 1289 681 1352 iubilantium
708 1289 866 1374 particula
897 1297 1032 1379 proprie
1054 1297 1087 1359 iu
1120 1320 1227 1367 ianam
1262 1309 1400 1394 syllabam

367 1373 639 1454 contrahebatur,
671 1385 766 1460 atque
789 1377 852 1439 hoc
879 1377 918 1441 de
944 1399 1003 1442 usu
1027 1381 1188 1448 Martialis
1216 1397 1349 1480 scripsit
1368 1401 1399 1470 11,

365 1463 452 1560 2,5.χ
463 1461 615 1524 clamant
632 1481 705 1524 ecce
719 1462 787 1525 mei
800 1462 840 1524 Io
851 1461 1054 1529 Saturnalia
1076 1491 1202 1535 versas.

763 1657 996 1770 isaac.

444 1861 521 1925 Nou
542 1871 686 1946 repetam
708 1881 762 1941 ea,
784 1883 865 1946 quae
890 1861 929 1926 de
953 1865 1035 1928 illac
1058 1891 1092 1954 p.
1109 1873 1185 1934 202.
1212 1871 1305 1940 dicta
1327 1849 1392 1941 salut.

363 1945 426 2010 Sed
449 1947 617 2032 pertinent
642 1946 753 2008 omnia
778 1949 874 2010 etiam
898 1948 948 2010 ad‘
964 1951 1069 2026 istac,
1095 1957 1185 2020 cuius
1215 1980 1298 2024 usus
1325 1963 1390 2026 haud

361 2029 516 2116 frequens
544 2031 643 2092 fuisse
668 2031 804 2095 videtur.
847 2031 1004 2098 Dicebant
1031 2037 1134 2102 Latini
1162 2042 1259 2109 istac
1283 2048 1344 2129 ita,
1366 2059 1391 2112 ut

290 2134 293 2138 “
360 2115 495 2200 intelligi
522 2125 630 2200 posset
659 2116 817 2181 istoria.
853 2119 950 2183 'Nam
976 2128 1042 2184 uon
1065 2135 1173 2187 motus
1198 2129 1243 2192 ad
1269 2133 1390 2218 aliquem

361 2202 471 2266 locum
482 2249 492 2278 ,
514 2202 567 2264 sed
585 2205 645 2287 p'er
664 2201 803 2287 aliquem
821 2201 949 2282 locum,
973 2207 1027 2270 aia
1048 2208 1273 2295 significatur,
1295 2230 1389 2306 etqua

355 2287 449 2354 istac
472 2285 511 2351 ab
537 2285 623 2360 ittae,
636 2285 785 2366 differat,
809 2285 843 2349 id
867 2289 893 2352 si
913 2313 984 2354 non
1009 2312 1068 2361 usu
1093 2294 1326 2372 oblitteratum
1347 2315 1389 2386 est,

354 2383 492 2444 notatur
509 2372 667 2458 proxima
683 2383 715 2436 et
733 2383 828 2436 recta
844 2395 909 2439 raa.

458 2511 550 2565 Plaut.
571 2510 649 2578 upra.
669 2507 796 2574 5‚1‚na.
814 2513 853 2564 aa
875 2511 939 2565 ittae
958 2515 1139 2584 pertertare.
1172 2519 1256 2574 Pers.
1276 2523 1388 2590 3,de

355 2653 360 2658 ,
424 2597 468 2648 aar
485 2596 554 2646 istac
568 2593 677 2653 naorete‘
686 2591 830 2662 angiportis
843 2597 879 2649 ad
886 2601 986 2665 samm.
1019 2598 1098 2652 Trin-
1111 2600 1141 2666 2,
1156 2600 1183 2668 4,
1199 2603 1263 2660 19¹1.
1280 2611 1328 2662 a‘ba‘a
1339 2613 1388 2663 istas

330 2725 331 2730 ,
423 2679 509 2744 atiquo
524 2679 552 2728 tn
565 2693 713 2729 mammam
729 2680 825 2730 matam
849 2697 948 2734 cracem
972 2684 1163 2738 latrocinatam.
1195 2689 1336 2746 Monstrat
1353 2694 1388 2745 a·-

421 2759 480 2830 gito
493 2760 582 2822 vlam,
601 2773 670 2826 quae
687 2751 716 2812 in
732 2762 904 2831 peregrinam
922 2771 1024 2819 terrem
1047 2769 1128 2823 ducit.
1162 2771 1280 2828 Terent.
1301 2777 1388 2831 fleant.

382 2844 385 2849 ·
421 2843 455 2910 a,
476 2844 509 2908 a,
526 2843 568 2895 aa.
606 2903 608 2906 ,

357 3025 360 3041 ν
437 2995 569 3082 Legitur
594 2993 628 3060 in
648 2995 958 3078 plantinianae,
976 3005 1029 3066 72.
1052 3001 1136 3088 qaid!
1154 3003 1246 3070 istac
1264 3009 1386 3093 pultat,

356 3077 414 3144 ati
427 3105 523 3153 (semo
541 3081 657 3146 iratas?
679 3091 715 3144 ut
738 3082 825 3146 istac
848 3103 908 3168 pro
933 3085 1010 3150 istic
1033 3086 1155 3151 dietum
1180 3101 1290 3175 putes.
1333 3094 1386 3157 Sed

282 3213 319 3248 η,
355 3165 480 3251 antiqui
502 3165 577 3228 libri
601 3165 670 3244 ieta
693 3176 726 3229 et
749 3167 801 3230 ita
821 3166 958 3232 babent:
992 3172 1079 3236 unde
1104 3173 1286 3240 Lambinus
1317 3177 1387 3265 quid

355 3249 442 3314 istas
454 3247 597 3335 psaltas?
630 3252 723 3314 Certe
739 3251 930 3338 significatio
948 3257 1125 3340 papticulae
1142 3258 1232 3324 istac
1245 3284 1316 3328 non
1332 3265 1385 3327 hoc

354 3333 509 3422 exemplo
526 3345 689 3414 mutatur,
710 3336 768 3400 sed
783 3336 989 3404 scribendum
1005 3343 1065 3406 orit
1078 3343 1142 3407 ita.

381 3495 383 3506 ’
435 3501 593 3568 Videntur
610 3505 711 3568 critici
728 3527 794 3570 uon
813 3507 897 3572 male
918 3511 1104 3584 emendasse
1126 3510 1230 3574 Plaut.
1248 3510 1344 3576 Trin.
1358 3518 1383 3589 9,

351 3591 467 3668 2,(101
496 3587 608 3676 (109.)
630 3613 741 3654 vertam
774 3615 836 3676 ega
861 3594 995 3678 quanda
1022 3607 1054 3660 te
1079 3607 1111 3658 et
1138 3595 1334 3660 amicitiam
1357 3607 1382 3660 et

350 3673 509 3758 gratiam
527 3673 564 3734 ia
577 3687 729 3738 nostram
744 3676 880 3740 damam
895 3679 991 3748 rideo
1005 3681 1158 3756 allicere,
1180 3681 1246 3744 etei
1266 3683 1383 3747 adrer-

350 3768 444 3820 aalus
463 3757 524 3820 titt
543 3757 611 3842 sai,
634 3761 720 3824 istac
737 3760 861 3827 inclino.
906 3766 1035 3849 Antiqui
1059 3765 1133 3828 libri
1157 3767 1276 3830 istaec.
1319 3767 1380 3830 Ex·

298 3877 303 3884 =
351 3841 488 3928 plicant:
510 3831 543 3904 iri
562 3846 655 3908 istam
677 3857 817 3929 partem,
841 3847 966 3916 honest
985 3855 1019 3914 in
1038 3861 1126 3914 tuam
1149 3861 1278 3937 partem
1300 3852 1380 3915 iudi-

244 3979 249 3992 .
290 3935 318 3986 .'
341 3950 401 3996 co.
444 3921 653 4012 Eatpotius:
674 3932 873 4014 istomodo,
896 3935 1041 4000 inieram
1066 3939 1260 4000 seutentiam
1284 3947 1380 3999 tunm.

351 4013 413 4076 Sed
431 4011 569 4075 alterum
588 4016 773 4102 exemplum
799 4009 944 4084 desidero
965 4021 1155 4086 auctoritate
1173 4033 1320 4096 veterum
1341 4023 1380 4084 li·

256 4131 259 4138 *
349 4096 487 4162 brorum
504 4099 690 4164 stabilitum.
1315 4130 1322 4141 ⁵
