2680 4746
221 291 296 364 ,ae
523 239 529 250 ’
598 353 601 370 ,
678 293 825 390 mnus,

303 453 429 510 mugram
450 419 566 512 corporis
584 446 755 519 dignitatem,
780 465 845 519 quoa
868 467 919 504 aon
947 454 1087 514 minimum
1116 471 1277 524 mamardus.

303 523 618 666 ldsst'ldlrgelbgppngaimum
641 532 781 588 attendere
802 540 924 605 oportet,
941 539 990 607 qui
1012 541 1050 596 de
1065 553 1187 603 auctam
1204 551 1276 608 huin

633 753 880 880 Minue.

322 925 440 994 vas
457 930 501 996 ob
516 937 770 1023 comparativam
786 947 944 1003 naturam
956 961 1049 1040 suam
1072 964 1214 1036 semper
1234 976 1275 1020 re-

238 1011 338 1176 ὃιιίτίῑ
358 1013 498 1101 aliquid,
523 1023 612 1105 quod
631 1031 667 1084 ut
681 1044 837 1110 magnum
852 1034 906 1087 aut
924 1047 1029 1091 marus
1053 1049 1274 1122 comparetur.

275 1117 349 1161 uure
364 1110 419 1164 aut
434 1101 535 1168 altera
551 1128 628 1193 pars
645 1109 897 1195 comparationis
911 1113 1107 1197 apponitur,
1132 1121 1196 1184 vel.
1206 1147 1274 1211 par·

242 1177 349 1246 ticulis
367 1205 486 1268 qnam,
511 1198 543 1252 et
563 1191 599 1255 in
614 1203 786 1279 poetarum
803 1196 1001 1260 carminibus
1023 1211 1127 1288 atque
1142 1206 1276 1291 insertis,

138 1310 144 1322 „
233 1255 289 1330 'vel
312 1265 450 1334 ablativo
475 1277 747 1357 accommodato,
777 1287 831 1342 ant
854 1280 1046 1370 intelligitur
1070 1308 1112 1350 ex
1146 1293 1274 1380 reliquis

236 1353 414 1418 sententiae
436 1358 553 1423 verbis.
596 1359 633 1424 In
655 1363 882 1428 constituenda
905 1377 1015 1432 autem
1039 1370 1274 1458 significatione

236 1430 319 1500 duae
332 1439 477 1505 maxime
492 1465 543 1508 res
562 1453 639 1510 suut
661 1449 971 1516 animadvertendae.
1014 1453 1172 1524 Primum
1194 1467 1274 1529 enim

235 1521 348 1584 minus
362 1523 425 1590 eibi
443 1532 644 1595 contrarium
659 1555 728 1598 non
744 1533 846 1598 modo
862 1537 988 1624 magio,
1010 1541 1067 1604 sed
1086 1545 1189 1610 etiam
1199 1550 1273 1636 plns

234 1602 352 1688 lr'abet,
383 1610 629 1680 multitudinem
649 1640 749 1704 aeque
768 1641 804 1682 ac
828 1623 1089 1708 magnitudinem
1119 1652 1198 1696 com
1224 1658 1276 1700 re-

234 1686 393 1758 hendens.
433 1695 559 1763 Deinde
575 1722 676 1788 quum
699 1713 731 1768 ct
750 1711 904 1776 neutrum
928 1709 1078 1776 adiectivi
1103 1725 1139 1778 et
1164 1741 1180 1782 a
1206 1742 1271 1785 ver-

235 1773 328 1840 bium
344 1779 405 1856 sit,
425 1790 457 1844 et
471 1785 583 1849 multis
608 1789 882 1855 enuntiationibus
905 1803 1044 1880 utraque
1070 1807 1270 1871 constructio

193 1889 195 1894 ¹
234 1856 319 1924 bene
334 1866 528 1945 conveniat,
543 1893 612 1934 non
630 1893 761 1959 semper
776 1876 860 1967 ratio
882 1881 1045 1966 suppetit,
1070 1894 1184 1953 utram
1204 1891 1271 1955 for·

234 1965 326 2009 mam
346 1948 381 2011 in
408 1953 599 2040 excipiendo
623 1967 655 2022 et
679 1957 849 2024 reddendo
877 1979 980 2027 sensu
1001 1975 1195 2055 teneamus,
1211 1983 1272 2042 'aut

105 2053 107 2060 ·
158 2045 162 2053 ·
235 2031 407 2116 quomodo
425 2039 654 2126 exemplorum
672 2065 789 2130 genera
804 2057 949 2114 accurate
969 2049 1223 2140 distinguamus.

314 2180 342 2246 Ι.
384 2190 414 2249 1.
438 2187 640 2268 Praeterea,
660 2193 695 2257 in
713 2194 830 2280 quibus
848 2199 946 2265 verba
968 2205 1072 2270 activa
1093 2217 1125 2272 et
1147 2214 1270 2300 passiva
1334 2237 1335 2304 l

231 2261 423 2336 referuntur
445 2272 486 2337 ad
509 2297 580 2340 rem
604 2279 787 2360 minorem,
819 2283 1013 2353 adiectivum
1036 2293 1155 2358 minua
1180 2300 1271 2365 etism

190 2387 192 2398 ·
232 2371 297 2437 pro
312 2353 517 2423 substantivo
533 2365 677 2447 positum
691 2366 725 2430 in
740 2365 779 2429 iis
797 2367 952 2452 videmus,
974 2391 1056 2460 quae
1075 2378 1117 2441 dc
1132 2403 1271 2450 numero
1326 2385 1335 2452 'l

232 2433 403 2515 dicuntur,
425 2453 458 2505 ct
478 2443 588 2531 ipsum
612 2449 775 2514 minorem
797 2473 972 2520 numerum
996 2460 1196 2547 significant.
1235 2471 1270 2534 lu
1334 2515 1335 2518 =

230 2519 271 2592 iis
288 2525 448 2608 genitivus
464 2551 559 2614 saepe
573 2533 743 2614 adhaeret,
765 2545 796 2598 et
811 2538 974 2605 interdum
997 2547 1134 2630 quidem
1151 2553 1216 2636 ita,
1238 2565 1271 2620 ut
1334 2619 1335 2642 ἶ

163 2608 166 2614 ’
217 2604 341 2690 ‘ipsam
366 2618 646 2698 comparationem
673 2620 859 2706 exprimere
880 2625 1044 2708 videatur,
1073 2635 1133 2698 scd
1157 2659 1269 2706 nume·
1334 2671 1335 2708 t

229 2709 307 2752 rum
327 2689 469 2758 definiat.
512 2696 555 2760 Et
569 2703 715 2787 sequitur
730 2726 832 2790 pisam
855 2709 904 2774 vel
927 2723 1044 2800 utque,
1066 2730 1123 2784 aut
1150 2727 1267 2791 omisso
1334 2721 1335 2758 ³

232 2781 276 2834 eo<
287 2773 415 2840 additur
432 2799 575 2862 nomen,
599 2796 653 2850 aut
671 2793 874 2876 comparatio
900 2799 1101 2884 exprimitur
1121 2808 1266 2890 ablativo,

168 2887 170 2896 =
229 2857 294 2921 nisi
327 2860 439 2926 minus
470 2863 618 2936 absolute
651 2873 805 2960 ponitur,
846 2899 916 2945 nou
948 2887 1097 2972 exposita
1132 2914 1267 2984 compa-

227 2943 366 3010 ratione.
459 2991 461 2996 -
924 2996 925 3006 ¹

325 3079 442 3135 Terent.
457 3083 526 3138 Eun.
540 3082 567 3153 tl,
584 3087 610 3156 6,
623 3089 665 3145 22.
690 3093 776 3148 minos
796 3097 937 3152 amicorum
958 3103 1000 3156 lu‘c
1024 3106 1130 3164 tramae
1166 3114 1262 3182 Idm,
1334 3103 1335 3136 l

253 3149 254 3154 ¹
294 3161 321 3228 Β,
337 3163 363 3218 ὃ.
386 3167 471 3220 miano
491 3169 601 3225 militurn
620 3175 710 3244 periit.
752 3179 807 3234 cte.
830 3181 863 3234 de
884 3185 943 3237 lav.
965 3185 992 3252 2,
1014 3186 1057 3256 lo,
1079 3193 1124 3247 58.
1147 3200 1263 3254 modi
1334 3191 1335 3282 l

292 3253 371 3312 enat,
390 3256 420 3303 ut
438 3267 487 3320 per
500 3269 527 3306 oe
545 3257 627 3310 minus
645 3260 756 3316 labeant
764 3266 947 3332 firmitudinis.
981 3272 1043 3328 etv.
1056 3276 1101 3344 ἥ,
1120 3279 1149 3347 5,
1166 3283 1193 3337 2
1215 3305 1260 3356 qao
1334 3291 1335 3330 l

172 3359 180 3370 κ
292 3329 392 3386 timoris
405 3335 488 3388 micus
505 3337 554 3405 sit,
573 3359 601 3394 eo
618 3345 704 3398 miano
714 3352 800 3414 fame
811 3352 920 3418 periculi
932 3371 993 3410 esse.

326 3446 358 3500 ln
368 3447 503 3517 aliquibus
515 3455 587 3510 [dvii
600 3460 667 3514 locis
682 3462 721 3516 ita
734 3464 844 3519 additur
858 3471 965 3524 numeri
981 3473 1126 3544 genitivus.
1163 3483 1206 3552 3⁰,
1220 3487 1258 3554 ll,

228 3565 231 3572 .
293 3525 336 3580 14.
354 3532 450 3602 legetis
466 3538 494 3590 ia
507 3542 622 3612 singulos
637 3547 706 3598 dona
721 3565 752 3602 ne
765 3551 849 3604 ratam
863 3555 968 3622 quinum
984 3561 1105 3616 mttttam.
1125 3566 1170 3636 35,
1184 3570 1260 3639 ott

296 3612 381 3668 mium
402 3627 512 3685 quutmr
525 3627 635 3680 millium
649 3630 708 3684 inde
727 3633 756 3684 ts
776 3637 895 3702 prosimu
914 3641 1034 3698 Euboeae
1048 3657 1087 3702 est
1101 3657 1173 3706 murt
1187 3660 1261 3711 traie-

294 3703 357 3749 ctos.
391 3701 469 3756 Hace
485 3705 513 3758 in
532 3725 593 3762 eum
608 3715 718 3768 modum
732 3711 873 3786 dicuutur,
892 3741 944 3792 quo
960 3727 1091 3784 Germani
1105 3739 1162 3792 cine
1175 3741 1259 3796 Metr-

227 3815 230 3822 .
289 3781 352 3832 salet
367 3801 415 3836 aaa
429 3793 537 3844 teusend
551 3795 705 3865 loquuntur.
740 3801 806 3854 Vide
825 3804 859 3879 de
880 3807 1014 3864 librorum
1028 3817 1164 3875 verietate
1180 3843 1257 3894 saepe
1334 3817 1335 3830 ¹

147 3880 150 3889 s
288 3863 375 4003 3va
397 3870 569 3947 Oudendorp.
599 3881 634 3934 ad
657 3883 743 3937 Hirtii
767 3886 803 3948 Β.
824 3891 892 3944 aler.
914 3892 956 3950 69.
988 3898 1024 3973 ud
1047 3881 1126 3982 Cice.
1148 3901 1256 3968 B.³cir.
1329 3867 1335 3984 l

315 3985 324 4012 .
376 3987 383 4002 ·
821 3991 822 3998 ‘
1333 3989 1335 4086 l
