2592 4720
234 281 297 354 524
652 272 831 342 truttvnt.

232 427 416 510 deducunt,
460 427 590 492 ueri-eit
600 449 667 514 per
681 428 748 492 iter
769 439 959 491 reuersum:
983 425 1093 513 quod
1114 428 1268 492 absurdun

229 513 368 580 ridetur.
428 451 612 577 donamina
641 530 803 598 graecum
843 511 981 596 δεύτερος
1018 522 1267 576 transmutatum

256 599 384 672 urebat,
403 598 577 684 quodnon
601 599 704 685 magis
726 597 923 683 probabile,¹
939 619 1052 682 quam
1086 599 1185 686 quod
1206 598 1265 664 lde

229 621 360 770 litngius
375 687 408 748 in
423 685 535 747 Lenia.
561 681 607 746 Τ.
623 689 654 746 4.
699 688 795 747 .211.
820 692 999 768 cognatum
1027 685 1196 770 appellat
1214 697 1282 768 ger-²

228 771 394 833 manicam
409 767 605 832 wiederume
679 789 731 831 em
750 767 806 853 qui
833 767 1016 832 verborum
1046 769 1262 834 similitudine

228 855 359 920 auribus
373 864 498 918 tantum
516 862 665 940 captant,
679 851 837 938 ‚inanibus
861 853 950 918 sonis
972 855 1088 939 saepe
1114 853 1260 918 falluntur.

191 1011 198 1023 ,
227 939 444 1008 Doederlinus
470 949 579 1017 autem
602 936 703 1002 Tam.
726 943 756 1004 1.
782 959 818 1024 p.
837 941 909 1002 181.
932 938 1082 1002 brevem
1112 940 1194 1004 dicit
1212 939 1259 1002 ior-

227 1031 326 1088 mam'
340 1023 430 1088 uerbi
455 1021 618 1103 alterum,
650 1021 739 1110 quod
761 1021 795 1085 in
819 1025 923 1086 uicem
946 1023 1114 1090 inusitati
1141 1025 1259 1088 nominis

226 1108 409 1176 secundnm
425 1108 572 1172 uLatiois
588 1117 670 1170 esset
685 1107 907 1172 substitutum.
937 1109 978 1169 At
995 1119 1183 1192 praeterea
1199 1111 1258 1194 quel

202 1217 296 1260 ‘non
317 1193 509 1277 intelligitur
523 1192 578 1256 illa
593 1193 732 1255 brevitas
750 1190 894 1268 formae,
917 1213 978 1254 nee
995 1197 1256 1258 commutationi

227 1301 339 1345 caussa
354 1288 460 1366 patet,
490 1277 618 1344 videtur
637 1277 819 1341 nectendum
840 1273 1068 1359 obsolevisse',
1100 1291 1255 1368 postquam

164 1423 168 1435 ,
225 1367 348 1429 iterum
365 1373 434 1430 erat
448 1359 585 1428 factum.
614 1361 684 1425 Nos
699 1361 880 1448 analogiam
898 1363 1081 1448 sequimur
1098 1365 1254 1430 verborum

225 1445 374 1537 inferne,
393 1458 566 1546 posterus,
598 1446 777 1510 etiterum
803 1459 914 1510 ortum
936 1469 1006 1511 esse
1031 1471 1212 1515 censemus
1229 1472 1254 1514 er

226 1535 339 1598 eadem
366 1531 763 1616 stirpedemonstrativa,
797 1533 847 1594 eui
878 1529 1129 1617 assignavimus
1165 1537 1252 1600 itaet

225 1620 319 1684 item.
362 1616 493 1703 Syllaba
508 1628 618 1694 ierus,
636 1627 746 1680 terum
761 1615 917 1702 significat
931 1618 1192 1702 gradationem,
1211 1644 1251 1683 un

224 1705 265 1768 de
280 1704 377 1768 etiam
397 1701 435 1766 ad
452 1701 644 1766 formandos
663 1702 901 1788 comparativos
924 1703 1122 1770 adhibetur.
1165 1708 1250 1792 Neque

224 1789 384 1875 discrepat
399 1785 589 1872 significatio
604 1786 705 1873 ipsius
721 1785 915 1873 particulae,
939 1808 1025 1872 quae
1044 1802 1099 1854 est
1117 1795 1195 1856 item
1205 1795 1249 1855 sire

224 1875 342 1939 codem
358 1875 461 1936 modo
481 1883 517 1935 ut
539 1881 632 1936 antea
656 1890 711 1934 seu
729 1870 839 1958 prius,
859 1869 923 1936 hoc
946 1881 1014 1954 est,
1035 1875 1124 1941 item
1150 1899 1248 1956 rursus,

223 1961 304 2024 item
319 1959 418 2024 altera
433 1957 519 2022 vice:
544 1979 582 2021 eo
596 1954 835 2036 noch-einmal.

325 2076 459 2132 Eandem
480 2076 540 2130 tere
560 2075 731 2138 muntium.
744 2073 876 2138 5⁸¹1inst
900 2075 1109 2132 Rfflfflmiu·
1131 2080 1248 2150 1¹85*

287 2177 362 2232 aym.
393 2159 473 2212 Tem.
489 2158 515 2210 1.
542 2176 569 2229 p.
585 2158 645 2216 3511.
670 2165 673 2173 “
697 2162 775 2228 Quae
794 2173 843 2214 aba
868 2158 1087 2230 simplicissima,
1102 2166 1204 2220 uticae
1225 2183 1248 2216 er

289 2244 375 2313 ipaiua
391 2242 518 2296 vocabuli
531 2248 628 2298 namra
651 2243 830 2314 collegimus,
850 2243 974 2300 bisebiue
996 2247 1027 2300 in
1049 2250 1149 2304 lalunii
1170 2251 1246 2307 durat

289 2331 370 2382 Tem.
389 2327 430 2380 ll.
452 2344 479 2396 p.
498 2325 541 2380 25.
576 2345 609 2380 ex
630 2329 776 2384 reconditis
796 2327 980 2400 cumscriticae
1002 2331 1125 2402 linguae
1149 2333 1248 2390 tandiu

288 2411 396 2477 bausit,
419 2417 501 2481 etque
514 2399 605 2466 docuit
625 2415 718 2467 iterum
733 2433 792 2466 ease
807 2415 1024 2482 comparativum
1049 2422 1248 2486 pronominiab,

290 2515 343 2568 qun
356 2495 547 2549 demonstratio
563 2497 730 2564 exprimatur
751 2497 848 2570 magis·
864 2500 999 2553 distincta.
1035 2503 1095 2570 Sed
1118 2525 1171 2574 qua
1188 2507 1248 2558 mede

244 2597 248 2606 ‘
288 2581 317 2633 id
336 2579 577 2646 demonstraverit,
595 2581 618 2634 ri
641 2581 701 2650 quie
724 2586 889 2652 cognoscere
910 2583 992 2648 velit,
1012 2587 1100 2642 adeat
1123 2591 1207 2659 ipsum
1225 2592 1249 2642 li-

228 2661 233 2671 ’
285 2665 376 2717 bruun
416 2664 471 2716 Sed
493 2679 545 2726 non
569 2665 658 2718 minue
681 2666 820 2720 mirabilia
837 2666 919 2739 tradit
941 2667 1122 2740 flartungius
1148 2675 1175 2728 in
1194 2677 1249 2728 libre

286 2749 321 2800 de
336 2746 448 2800 Caribus
462 2763 488 2812 p.
503 2742 564 2800 292.
580 2750 672 2802 iteruin
687 2749 851 2803 descendere
868 2752 905 2804 ab
918 2769 1020 2822 graeco
1043 2755 1101 2818 ἴος.
1117 2759 1138 2812 i.
1155 2779 1178 2814 e.
1192 2779 1249 2822 aare

228 2889 233 2913 ,v
267 2831 366 2900 .,eique
389 2830 523 2884 adiectam
545 2848 605 2884 aare
627 2835 844 2888 terminationem
866 2838 1063 2904 comparativi,
1082 2843 1148 2896 sive
1165 2847 1203 2898 uti
1216 2845 1248 2896 iu
1285 2849 1287 2870 ⁸

289 2915 398 2986 geniose
414 2931 474 2968 eam
491 2915 628 2982 appellat,
648 2917 759 2984 dativi,
772 2920 817 2988 qui
840 2921 973 2986 exprimat
990 2923 1135 2980 rationem
1152 2929 1251 2982 taaten

288 3001 343 3062 ldie
364 2999 450 3070 igitur
472 3000 635 3065 edocemur,
655 3003 721 3070 quid
744 3004 879 3089 signillcet
900 3005 1013 3060 iterum?
1047 3009 1106 3063 Ille
1132 3013 1173 3067 ait
1193 3017 1252 3068 ciat
1285 3035 1287 3052 ι

285 3087 332 3172 erit
349 3085 487 3144 Reielreielet
500 3089 551 3152 aas
561 3087 635 3139 suci·

171 3249 175 3260 ·
268 3229 284 3316 '⁹
300 3219 394 3298 Quae
410 3218 509 3306 igitur
525 3241 564 3283 ex
580 3219 636 3322 illa
652 3221 820 3317 primitiva
834 3225 970 3320 notione
993 3227 1127 3312 prodiit
1142 3232 1251 3319 signifi.

222 3311 318 3382 ⁰³¹¹02
337 3302 458 3389 duplex
473 3315 542 3369 eret
560 3303 694 3371 ducrere
711 3309 927 3398 temporibus.
969 3310 1035 3377 Sed
1053 3313 1097 3379 de
1115 3321 1156 3382 'ea
1173 3320 1251 3383 deiu-

218 3409 295 3475 ceps
310 3387 466 3456 dicamus.
690 3407 693 3410 ·
869 3403 874 3424 ¹
1159 3412 1164 3436 .

300 3556 325 3622 l.
368 3562 398 3622 1.
421 3556 550 3622 Iterum
564 3561 736 3624 communi
751 3561 783 3624 in
803 3581 862 3634 usu
883 3561 1074 3648 designabat
1092 3570 1130 3634 in
1152 3573 1251 3636 ordine

220 3643 335 3706 autin
357 3644 696 3709 numero'secundum
725 3645 833 3709 locum
861 3647 1004 3712 eiusdem
1032 3654 1087 3716 vel
1122 3658 1251 3744 aequalis

217 3726 284 3804 rei,
305 3727 448 3812 primam
475 3729 520 3793 rei
536 3730 677 3816 agendae
695 3731 944 3818 repetitionem,
964 3755 1027 3820 qua
1052 3738 1185 3827 duplex
1205 3765 1250 3826 ap

122 3817 126 3830 '
216 3821 329 3902 parent
351 3811 464 3876 eadem
488 3835 551 3877 res.
601 3813 638 3877 ld
669 3815 733 3879 iam
756 3816 927 3880 Noltenius
950 3838 1179 3906 cognouerat,
1209 3830 1251 3892 iu·

217 3897 332 3980 quiens
355 3917 388 3982 p.
410 3899 484 3964 895.
511 3916 627 3963 rursus
653 3901 773 3988 repetit
800 3901 870 3966 sine
893 3915 1045 3991 respectu
1075 3914 1209 3976 numeri
1229 3919 1253 3973 et
1286 3955 1287 3978 t

167 4009 173 4014 ·
217 3983 363 4062 ordinis,
396 3981 518 4048 iterum
539 3985 681 4072 primam
711 3987 941 4072 repetitionem
964 3993 1119 4078 respicit.
1174 3999 1253 4080 Quae

169 4109 171 4116 ι
216 4067 318 4133 verba
339 4065 558 4152 Doederliuns
573 4069 688 4137 tribuit
702 4069 846 4162 Ausonio
861 4073 1020 4162 Popmae,
1043 4078 1107 4147 aed
1123 4082 1254 4149 Mean·
