<?xml version="1.0" encoding="UTF-8"?>
<!DOCTYPE html PUBLIC "-//W3C//DTD XHTML 1.0 Transitional//EN"
    "http://www.w3.org/TR/xhtml1/DTD/xhtml1-transitional.dtd">
<html xmlns="http://www.w3.org/1999/xhtml" xml:lang="en" lang="en">
 <head>
  <title>
</title>
<meta http-equiv="Content-Type" content="text/html;charset=utf-8" />
  <meta name='ocr-system' content='tesseract 3.04.00' />
  <meta name='ocr-capabilities' content='ocr_page ocr_carea ocr_par ocr_line ocrx_word'/>
</head>
<body>
  <div class='ocr_page' id='page_1' title='image "./ferdinandihandi01torsgoog_0268.png"; bbox 0 0 2738 4730; ppageno 0'>
   <div class='ocr_carea' id='block_1_1' title="bbox 37 2089 108 2182">
    <p class='ocr_par' dir='ltr' id='par_1_1' title="bbox 37 2089 108 2182">
     <span class='ocr_line' id='line_1_1' title="bbox 37 2089 44 2116; baseline 0 0"><span class='ocrx_word' id='word_1_1' title='bbox 37 2089 44 2116; x_wconf 86' lang='lat' dir='ltr'><strong><em>r</em></strong></span> 
     </span>
     <span class='ocr_line' id='line_1_2' title="bbox 94 2137 108 2182; baseline 0 0"><span class='ocrx_word' id='word_1_2' title='bbox 94 2137 108 2182; x_wconf 65' lang='lat' dir='ltr'><strong><em>b</em></strong></span> 
     </span>
    </p>
   </div>
   <div class='ocr_carea' id='block_1_2' title="bbox 217 283 850 372">
    <p class='ocr_par' dir='ltr' id='par_1_2' title="bbox 217 283 850 372">
     <span class='ocr_line' id='line_1_3' title="bbox 217 283 850 372; baseline -0.008 -1"><span class='ocrx_word' id='word_1_3' title='bbox 217 305 282 372; x_wconf 78' lang='lat' dir='ltr'><strong><em>esa</em></strong></span> <span class='ocrx_word' id='word_1_4' title='bbox 585 361 587 366; x_wconf 90' lang='lat'><em>.</em></span> <span class='ocrx_word' id='word_1_5' title='bbox 711 299 770 368; x_wconf 84' lang='lat' dir='ltr'><strong><em>ru.</em></strong></span> <span class='ocrx_word' id='word_1_6' title='bbox 846 283 850 287; x_wconf 83' lang='grc'><strong>’</strong></span> 
     </span>
    </p>
   </div>
   <div class='ocr_carea' id='block_1_3' title="bbox 218 449 1279 782">
    <p class='ocr_par' dir='ltr' id='par_1_3' title="bbox 218 449 1277 612">
     <span class='ocr_line' id='line_1_4' title="bbox 218 449 1276 525; baseline -0.002 -15"><span class='ocrx_word' id='word_1_7' title='bbox 218 467 221 476; x_wconf 93' lang='grc'><strong>’</strong></span> <span class='ocrx_word' id='word_1_8' title='bbox 322 453 395 510; x_wconf 77' lang='lat' dir='ltr'><strong><em>Plin-</em></strong></span> <span class='ocrx_word' id='word_1_9' title='bbox 410 453 483 512; x_wconf 86' lang='lat' dir='ltr'><strong><em>llint.</em></strong></span> <span class='ocrx_word' id='word_1_10' title='bbox 497 459 552 509; x_wconf 82' lang='lat' dir='ltr'><strong><em>net.</em></strong></span> <span class='ocrx_word' id='word_1_11' title='bbox 567 449 611 520; x_wconf 81' lang='lat' dir='ltr'><strong><em>lt,</em></strong></span> <span class='ocrx_word' id='word_1_12' title='bbox 623 449 669 519; x_wconf 79' lang='lat' dir='ltr'><strong><em>tt,</em></strong></span> <span class='ocrx_word' id='word_1_13' title='bbox 682 453 729 521; x_wconf 74' lang='lat' dir='ltr'><strong><em>tu,</em></strong></span> <span class='ocrx_word' id='word_1_14' title='bbox 741 453 769 508; x_wconf 73' lang='lat' dir='ltr'><strong><em>b.</em></strong></span> <span class='ocrx_word' id='word_1_15' title='bbox 780 455 917 525; x_wconf 39' lang='lat' dir='ltr'><strong><em>,qnondam</em></strong></span> <span class='ocrx_word' id='word_1_16' title='bbox 930 455 963 508; x_wconf 86' lang='lat' dir='ltr'><strong><em>in&#39;</em></strong></span> <span class='ocrx_word' id='word_1_17' title='bbox 972 454 1147 508; x_wconf 80' lang='lat' dir='ltr'><strong><em>obcoecatione</em></strong></span> <span class='ocrx_word' id='word_1_18' title='bbox 1162 461 1228 519; x_wconf 80' lang='lat' dir='ltr'><strong><em>erut,</em></strong></span> <span class='ocrx_word' id='word_1_19' title='bbox 1247 462 1276 509; x_wconf 87' lang='lat' dir='ltr'><strong><em>ut</em></strong></span> 
     </span>
     <span class='ocr_line' id='line_1_5' title="bbox 288 537 1277 612; baseline -0.001 -16"><span class='ocrx_word' id='word_1_20' title='bbox 288 539 535 612; x_wconf 63' lang='lat' dir='ltr'><strong><em>astringentem</em></strong></span> <span class='ocrx_word' id='word_1_21' title='bbox 549 541 681 610; x_wconf 78' lang='lat' dir='ltr'><strong><em>imputato</em></strong></span> <span class='ocrx_word' id='word_1_22' title='bbox 698 542 775 593; x_wconf 80' lang='lat' dir='ltr'><strong><em>baro·</em></strong></span> <span class='ocrx_word' id='word_1_23' title='bbox 791 539 811 594; x_wconf 83' lang='lat' dir='ltr'><strong><em>i.</em></strong></span> <span class='ocrx_word' id='word_1_24' title='bbox 825 557 849 592; x_wconf 86' lang='lat' dir='ltr'><strong><em>e.</em></strong></span> <span class='ocrx_word' id='word_1_25' title='bbox 865 540 1072 594; x_wconf 77' lang='lat' dir='ltr'><strong><em>observabatur.</em></strong></span> <span class='ocrx_word' id='word_1_26' title='bbox 1089 537 1133 603; x_wconf 81' lang='lat'><strong><em>18,</em></strong></span> <span class='ocrx_word' id='word_1_27' title='bbox 1149 537 1193 603; x_wconf 76' lang='lat'><strong><em>19,</em></strong></span> <span class='ocrx_word' id='word_1_28' title='bbox 1203 537 1277 604; x_wconf 58' lang='lat' dir='ltr'><strong><em>lille</em></strong></span> 
     </span>
    </p>

    <p class='ocr_par' dir='ltr' id='par_1_4' title="bbox 219 624 1279 782">
     <span class='ocr_line' id='line_1_6' title="bbox 219 624 1279 696; baseline -0.001 -17"><span class='ocrx_word' id='word_1_29' title='bbox 219 635 224 642; x_wconf 92' lang='lat'>&#39;</span> <span class='ocrx_word' id='word_1_30' title='bbox 287 628 318 679; x_wconf 89' lang='lat' dir='ltr'><strong><em>in</em></strong></span> <span class='ocrx_word' id='word_1_31' title='bbox 341 643 389 679; x_wconf 80' lang='lat' dir='ltr'><strong><em>aaa</em></strong></span> <span class='ocrx_word' id='word_1_32' title='bbox 411 631 493 679; x_wconf 80' lang='lat' dir='ltr'><strong><em>estet</em></strong></span> <span class='ocrx_word' id='word_1_33' title='bbox 515 625 629 678; x_wconf 81' lang='lat' dir='ltr'><strong><em>collicias</em></strong></span> <span class='ocrx_word' id='word_1_34' title='bbox 649 626 818 695; x_wconf 73' lang='lat' dir='ltr'><strong><em>interponere.</em></strong></span> <span class='ocrx_word' id='word_1_35' title='bbox 842 624 939 692; x_wconf 66' lang='lat' dir='ltr'><strong><em>itm,</em></strong></span> <span class='ocrx_word' id='word_1_36' title='bbox 957 625 1010 694; x_wconf 78' lang='grc'><strong><em>19,</em></strong></span> <span class='ocrx_word' id='word_1_37' title='bbox 1026 626 1052 680; x_wconf 82' lang='grc'><strong><em>3.</em></strong></span> <span class='ocrx_word' id='word_1_38' title='bbox 1071 626 1138 696; x_wconf 83' lang='lat' dir='ltr'><strong><em>gari</em></strong></span> <span class='ocrx_word' id='word_1_39' title='bbox 1155 627 1279 679; x_wconf 60' lang='lat' dir='ltr'><strong><em>&amp;siderio</em></strong></span> 
     </span>
     <span class='ocr_line' id='line_1_7' title="bbox 289 710 817 782; baseline -0.008 -17"><span class='ocrx_word' id='word_1_40' title='bbox 289 712 370 765; x_wconf 80' lang='lat' dir='ltr'><strong><em>etiarn</em></strong></span> <span class='ocrx_word' id='word_1_41' title='bbox 384 711 411 764; x_wconf 85' lang='lat' dir='ltr'><strong><em>in</em></strong></span> <span class='ocrx_word' id='word_1_42' title='bbox 427 710 623 782; x_wconf 63' lang='lat' dir='ltr'><strong><em>exprobratione</em></strong></span> <span class='ocrx_word' id='word_1_43' title='bbox 636 718 721 764; x_wconf 73' lang='lat' dir='ltr'><strong><em>mont.</em></strong></span> <span class='ocrx_word' id='word_1_44' title='bbox 815 729 817 734; x_wconf 67' lang='grc'>’</span> 
     </span>
    </p>
   </div>
   <div class='ocr_carea' id='block_1_4' title="bbox 291 809 1277 970">
    <p class='ocr_par' dir='ltr' id='par_1_5' title="bbox 291 809 1277 970">
     <span class='ocr_line' id='line_1_8' title="bbox 327 809 1277 886; baseline 0 -20"><span class='ocrx_word' id='word_1_45' title='bbox 327 813 408 868; x_wconf 77' lang='lat' dir='ltr'><strong><em>cneo.</em></strong></span> <span class='ocrx_word' id='word_1_46' title='bbox 424 813 458 868; x_wconf 85' lang='lat' dir='ltr'><strong><em>B.</em></strong></span> <span class='ocrx_word' id='word_1_47' title='bbox 472 813 525 868; x_wconf 81' lang='lat' dir='ltr'><strong><em>civ.</em></strong></span> <span class='ocrx_word' id='word_1_48' title='bbox 536 813 564 881; x_wconf 82' lang='lat'><strong><em>8,</em></strong></span> <span class='ocrx_word' id='word_1_49' title='bbox 578 809 639 866; x_wconf 78' lang='lat'>1⁰4.</span> <span class='ocrx_word' id='word_1_50' title='bbox 658 813 703 880; x_wconf 73' lang='lat' dir='ltr'><strong><em>oni</em></strong></span> <span class='ocrx_word' id='word_1_51' title='bbox 719 819 826 886; x_wconf 80' lang='lat' dir='ltr'><strong><em>propter</em></strong></span> <span class='ocrx_word' id='word_1_52' title='bbox 844 819 956 868; x_wconf 66' lang='lat' dir='ltr'><strong><em>mcum</em></strong></span> <span class='ocrx_word' id='word_1_53' title='bbox 977 813 1032 866; x_wconf 83' lang='lat' dir='ltr'><strong><em>eine</em></strong></span> <span class='ocrx_word' id='word_1_54' title='bbox 1048 813 1077 866; x_wconf 89' lang='lat' dir='ltr'><strong><em>in</em></strong></span> <span class='ocrx_word' id='word_1_55' title='bbox 1097 814 1277 883; x_wconf 71' lang='lat' dir='ltr'><strong><em>procuratione</em></strong></span> 
     </span>
     <span class='ocr_line' id='line_1_9' title="bbox 291 898 1080 970; baseline 0.001 -19"><span class='ocrx_word' id='word_1_56' title='bbox 291 907 364 952; x_wconf 81' lang='lat' dir='ltr'><strong><em>erunt</em></strong></span> <span class='ocrx_word' id='word_1_57' title='bbox 382 898 467 970; x_wconf 74' lang='lat' dir='ltr'><strong><em>regni.</em></strong></span> <span class='ocrx_word' id='word_1_58' title='bbox 1077 899 1080 904; x_wconf 85' lang='lat'>&#39;</span> 
     </span>
    </p>
   </div>
   <div class='ocr_carea' id='block_1_5' title="bbox 311 1021 1277 1120">
    <p class='ocr_par' dir='ltr' id='par_1_6' title="bbox 311 1021 1277 1120">
     <span class='ocr_line' id='line_1_10' title="bbox 311 1021 1277 1120; baseline 0 -22"><span class='ocrx_word' id='word_1_59' title='bbox 311 1034 363 1098; x_wconf 88' lang='lat'><strong><em>15.</em></strong></span> <span class='ocrx_word' id='word_1_60' title='bbox 385 1033 471 1098; x_wconf 78' lang='lat' dir='ltr'><strong><em>Haec</em></strong></span> <span class='ocrx_word' id='word_1_61' title='bbox 486 1021 634 1097; x_wconf 86' lang='lat' dir='ltr'><strong><em>conditio</em></strong></span> <span class='ocrx_word' id='word_1_62' title='bbox 650 1053 763 1098; x_wconf 88' lang='lat' dir='ltr'><strong><em>rerum</em></strong></span> <span class='ocrx_word' id='word_1_63' title='bbox 783 1041 896 1120; x_wconf 86' lang='lat' dir='ltr'><strong><em>potest</em></strong></span> <span class='ocrx_word' id='word_1_64' title='bbox 913 1031 1081 1096; x_wconf 87' lang='lat' dir='ltr'><strong><em>actionem</em></strong></span> <span class='ocrx_word' id='word_1_65' title='bbox 1097 1033 1142 1098; x_wconf 82' lang='lat' dir='ltr'><strong><em>ita</em></strong></span> <span class='ocrx_word' id='word_1_66' title='bbox 1158 1033 1277 1098; x_wconf 89' lang='lat' dir='ltr'><strong><em>mode-</em></strong></span> 
     </span>
    </p>
   </div>
   <div class='ocr_carea' id='block_1_6' title="bbox 220 1115 1280 1378">
    <p class='ocr_par' dir='ltr' id='par_1_7' title="bbox 220 1115 1280 1378">
     <span class='ocr_line' id='line_1_11' title="bbox 224 1115 1279 1206; baseline 0.004 -24"><span class='ocrx_word' id='word_1_67' title='bbox 224 1117 309 1201; x_wconf 83' lang='lat' dir='ltr'><strong><em>rnri,</em></strong></span> <span class='ocrx_word' id='word_1_68' title='bbox 331 1129 368 1182; x_wconf 90' lang='lat' dir='ltr'><strong><em>ut</em></strong></span> <span class='ocrx_word' id='word_1_69' title='bbox 384 1139 487 1206; x_wconf 89' lang='lat' dir='ltr'><strong><em>quum</em></strong></span> <span class='ocrx_word' id='word_1_70' title='bbox 503 1120 572 1205; x_wconf 87' lang='lat' dir='ltr'><strong><em>ipsa</em></strong></span> <span class='ocrx_word' id='word_1_71' title='bbox 592 1119 634 1182; x_wconf 90' lang='lat' dir='ltr'><strong><em>sit</em></strong></span> <span class='ocrx_word' id='word_1_72' title='bbox 656 1128 712 1182; x_wconf 86' lang='lat' dir='ltr'><strong><em>aut</em></strong></span> <span class='ocrx_word' id='word_1_73' title='bbox 732 1115 889 1206; x_wconf 25' lang='lat' dir='ltr'><strong><em>fian-illa</em></strong></span> <span class='ocrx_word' id='word_1_74' title='bbox 914 1115 981 1183; x_wconf 84' lang='lat' dir='ltr'><strong><em>fiat.</em></strong></span> <span class='ocrx_word' id='word_1_75' title='bbox 1026 1119 1099 1182; x_wconf 87' lang='lat' dir='ltr'><strong><em>Hoc</em></strong></span> <span class='ocrx_word' id='word_1_76' title='bbox 1122 1119 1279 1186; x_wconf 79' lang='lat' dir='ltr'><strong><em>Germani</em></strong></span> 
     </span>
     <span class='ocr_line' id='line_1_12' title="bbox 220 1201 1278 1285; baseline 0.004 -17"><span class='ocrx_word' id='word_1_77' title='bbox 220 1201 296 1285; x_wconf 82' lang='lat' dir='ltr'><strong><em>tei,</em></strong></span> <span class='ocrx_word' id='word_1_78' title='bbox 329 1217 447 1284; x_wconf 68' lang='lat' dir='ltr'><strong><em>noter„</em></strong></span> <span class='ocrx_word' id='word_1_79' title='bbox 478 1203 660 1269; x_wconf 78' lang='lat' dir='ltr'><strong><em>Graeciicci</em></strong></span> <span class='ocrx_word' id='word_1_80' title='bbox 682 1228 741 1268; x_wconf 83' lang='grc' dir='ltr'><strong><em>τινι</em></strong></span> <span class='ocrx_word' id='word_1_81' title='bbox 765 1203 890 1268; x_wconf 89' lang='lat' dir='ltr'><strong><em>dicunt.</em></strong></span> <span class='ocrx_word' id='word_1_82' title='bbox 948 1204 1113 1270; x_wconf 76' lang='lat' dir='ltr'><strong><em>Errabant</em></strong></span> <span class='ocrx_word' id='word_1_83' title='bbox 1143 1227 1220 1270; x_wconf 88' lang='lat' dir='ltr'><strong><em>vero</em></strong></span> <span class='ocrx_word' id='word_1_84' title='bbox 1246 1207 1278 1284; x_wconf 82' lang='lat' dir='ltr'><strong><em>ii,</em></strong></span> 
     </span>
     <span class='ocr_line' id='line_1_13' title="bbox 222 1289 1280 1378; baseline 0.003 -25"><span class='ocrx_word' id='word_1_85' title='bbox 222 1289 284 1376; x_wconf 88' lang='lat' dir='ltr'><strong><em>qui</em></strong></span> <span class='ocrx_word' id='word_1_86' title='bbox 303 1289 384 1355; x_wconf 88' lang='lat' dir='ltr'><strong><em>haec</em></strong></span> <span class='ocrx_word' id='word_1_87' title='bbox 401 1290 441 1355; x_wconf 90' lang='lat' dir='ltr'><strong><em>ad</em></strong></span> <span class='ocrx_word' id='word_1_88' title='bbox 456 1311 603 1354; x_wconf 78' lang='lat' dir='ltr'>caussam</span> <span class='ocrx_word' id='word_1_89' title='bbox 618 1289 817 1367; x_wconf 70' lang='lat' dir='ltr'><strong><em>referebant,</em></strong></span> <span class='ocrx_word' id='word_1_90' title='bbox 829 1299 868 1355; x_wconf 80' lang='lat' dir='ltr'><strong><em>et</em></strong></span> <span class='ocrx_word' id='word_1_91' title='bbox 883 1289 920 1354; x_wconf 85' lang='lat' dir='ltr'><strong><em>in</em></strong></span> <span class='ocrx_word' id='word_1_92' title='bbox 936 1312 998 1378; x_wconf 87' lang='lat' dir='ltr'><strong><em>pro</em></strong></span> <span class='ocrx_word' id='word_1_93' title='bbox 1015 1289 1056 1354; x_wconf 85' lang='lat' dir='ltr'><strong><em>ob</em></strong></span> <span class='ocrx_word' id='word_1_94' title='bbox 1072 1289 1122 1355; x_wconf 86' lang='lat' dir='ltr'><strong><em>vel</em></strong></span> <span class='ocrx_word' id='word_1_95' title='bbox 1135 1303 1280 1377; x_wconf 82' lang='lat' dir='ltr'><strong><em>propter</em></strong></span> 
     </span>
    </p>
   </div>
   <div class='ocr_carea' id='block_1_7' title="bbox 111 1373 1295 1464">
    <p class='ocr_par' dir='ltr' id='par_1_8' title="bbox 111 1373 1295 1464">
     <span class='ocr_line' id='line_1_14' title="bbox 111 1373 1295 1464; baseline 0.003 -28"><span class='ocrx_word' id='word_1_96' title='bbox 111 1389 124 1430; x_wconf 47' lang='grc' dir='ltr'><strong><em>’ω</em></strong></span> <span class='ocrx_word' id='word_1_97' title='bbox 208 1375 373 1464; x_wconf 28' lang='lat' dir='ltr'><strong><em>(positum</em></strong></span> <span class='ocrx_word' id='word_1_98' title='bbox 404 1376 591 1440; x_wconf 78' lang='lat' dir='ltr'><strong><em>censebant.</em></strong></span> <span class='ocrx_word' id='word_1_99' title='bbox 645 1377 717 1441; x_wconf 87' lang='lat' dir='ltr'><strong><em>Vid.</em></strong></span> <span class='ocrx_word' id='word_1_100' title='bbox 744 1376 911 1440; x_wconf 85' lang='lat' dir='ltr'><strong><em>Wt&#39;dlner.</em></strong></span> <span class='ocrx_word' id='word_1_101' title='bbox 945 1376 986 1441; x_wconf 90' lang='lat' dir='ltr'><strong><em>de</em></strong></span> <span class='ocrx_word' id='word_1_102' title='bbox 1019 1377 1093 1440; x_wconf 88' lang='lat' dir='ltr'><strong><em>Cas.</em></strong></span> <span class='ocrx_word' id='word_1_103' title='bbox 1117 1390 1151 1446; x_wconf 84' lang='lat' dir='ltr'><strong><em>et</em></strong></span> <span class='ocrx_word' id='word_1_104' title='bbox 1187 1373 1295 1442; x_wconf 71' lang='lat' dir='ltr'><strong><em>Mon</em></strong></span> 
     </span>
    </p>
   </div>
   <div class='ocr_carea' id='block_1_8' title="bbox 221 1461 1285 1647">
    <p class='ocr_par' dir='ltr' id='par_1_9' title="bbox 221 1461 1285 1647">
     <span class='ocr_line' id='line_1_15' title="bbox 221 1461 1285 1561; baseline 0.004 -37"><span class='ocrx_word' id='word_1_105' title='bbox 221 1484 260 1549; x_wconf 88' lang='lat' dir='ltr'><strong><em>p.</em></strong></span> <span class='ocrx_word' id='word_1_106' title='bbox 276 1463 328 1526; x_wconf 79' lang='lat'><strong><em>88.</em></strong></span> <span class='ocrx_word' id='word_1_107' title='bbox 371 1461 457 1544; x_wconf 87' lang='lat' dir='ltr'><strong><em>Nam</em></strong></span> <span class='ocrx_word' id='word_1_108' title='bbox 474 1461 623 1526; x_wconf 84' lang='lat' dir='ltr'><strong><em>conditio</em></strong></span> <span class='ocrx_word' id='word_1_109' title='bbox 643 1472 676 1527; x_wconf 85' lang='lat' dir='ltr'><strong><em>et</em></strong></span> <span class='ocrx_word' id='word_1_110' title='bbox 690 1483 802 1542; x_wconf 84' lang='lat' dir='ltr'><strong><em>rerum</em></strong></span> <span class='ocrx_word' id='word_1_111' title='bbox 819 1472 922 1560; x_wconf 71' lang='lat' dir='ltr'><strong><em>status</em></strong></span> <span class='ocrx_word' id='word_1_112' title='bbox 942 1483 1098 1561; x_wconf 80' lang='lat' dir='ltr'><strong><em>praesens</em></strong></span> <span class='ocrx_word' id='word_1_113' title='bbox 1114 1463 1285 1549; x_wconf 80' lang='lat' dir='ltr'><strong><em>significa-&#39;¹</em></strong></span> 
     </span>
     <span class='ocr_line' id='line_1_16' title="bbox 222 1546 1279 1647; baseline 0.005 -38"><span class='ocrx_word' id='word_1_114' title='bbox 222 1557 289 1610; x_wconf 88' lang='lat' dir='ltr'><strong><em>tur.</em></strong></span> <span class='ocrx_word' id='word_1_115' title='bbox 334 1547 438 1636; x_wconf 82' lang='lat' dir='ltr'><strong><em>Saepe</em></strong></span> <span class='ocrx_word' id='word_1_116' title='bbox 456 1546 492 1612; x_wconf 92' lang='lat' dir='ltr'><strong><em>id</em></strong></span> <span class='ocrx_word' id='word_1_117' title='bbox 508 1547 673 1635; x_wconf 73' lang='lat' dir='ltr'><strong><em>temporis,</em></strong></span> <span class='ocrx_word' id='word_1_118' title='bbox 688 1558 869 1646; x_wconf 76' lang='lat' dir='ltr'><strong><em>praesentrs</em></strong></span> <span class='ocrx_word' id='word_1_119' title='bbox 886 1557 1058 1612; x_wconf 82' lang='lat' dir='ltr'><strong><em>notronem</em></strong></span> <span class='ocrx_word' id='word_1_120' title='bbox 1082 1550 1279 1647; x_wconf 70' lang='lat' dir='ltr'><strong><em>complecti-</em></strong></span> 
     </span>
    </p>
   </div>
   <div class='ocr_carea' id='block_1_9' title="bbox 129 1632 1366 1872">
    <p class='ocr_par' dir='ltr' id='par_1_10' title="bbox 129 1632 1366 1872">
     <span class='ocr_line' id='line_1_17' title="bbox 129 1632 1278 1722; baseline 0.004 -27"><span class='ocrx_word' id='word_1_121' title='bbox 129 1680 132 1687; x_wconf 86' lang='lat'>.</span> <span class='ocrx_word' id='word_1_122' title='bbox 223 1641 298 1713; x_wconf 86' lang='lat' dir='ltr'><strong><em>tur,</em></strong></span> <span class='ocrx_word' id='word_1_123' title='bbox 318 1655 379 1698; x_wconf 88' lang='lat' dir='ltr'><strong><em>nec</em></strong></span> <span class='ocrx_word' id='word_1_124' title='bbox 396 1632 672 1722; x_wconf 85' lang='lat' dir='ltr'><strong><em>repugnabimus,</em></strong></span> <span class='ocrx_word' id='word_1_125' title='bbox 699 1635 815 1719; x_wconf 80' lang='lat' dir='ltr'><strong><em>siquis</em></strong></span> <span class='ocrx_word' id='word_1_126' title='bbox 834 1632 968 1698; x_wconf 88' lang='lat' dir='ltr'><strong><em>baecad</em></strong></span> <span class='ocrx_word' id='word_1_127' title='bbox 991 1643 1152 1722; x_wconf 77' lang='lat' dir='ltr'><strong><em>temporis</em></strong></span> <span class='ocrx_word' id='word_1_128' title='bbox 1175 1637 1278 1700; x_wconf 85' lang='lat' dir='ltr'><strong><em>ratio-</em></strong></span> 
     </span>
     <span class='ocr_line' id='line_1_18' title="bbox 169 1716 1366 1808; baseline 0.002 -24"><span class='ocrx_word' id='word_1_129' title='bbox 169 1735 175 1808; x_wconf 64' lang='lat' dir='ltr'>j</span> <span class='ocrx_word' id='word_1_130' title='bbox 190 1782 192 1788; x_wconf 81' lang='grc'>,</span> <span class='ocrx_word' id='word_1_131' title='bbox 223 1739 303 1784; x_wconf 86' lang='lat' dir='ltr'><strong><em>nem</em></strong></span> <span class='ocrx_word' id='word_1_132' title='bbox 319 1717 445 1785; x_wconf 83' lang='lat' dir='ltr'><strong><em>referre</em></strong></span> <span class='ocrx_word' id='word_1_133' title='bbox 460 1719 569 1784; x_wconf 83' lang='lat' dir='ltr'><strong><em>malit:</em></strong></span> <span class='ocrx_word' id='word_1_134' title='bbox 594 1718 636 1784; x_wconf 88' lang='lat' dir='ltr'><strong><em>de</em></strong></span> <span class='ocrx_word' id='word_1_135' title='bbox 653 1741 718 1806; x_wconf 89' lang='lat' dir='ltr'><strong><em>qua</em></strong></span> <span class='ocrx_word' id='word_1_136' title='bbox 734 1741 771 1783; x_wconf 90' lang='lat' dir='ltr'><strong><em>re</em></strong></span> <span class='ocrx_word' id='word_1_137' title='bbox 789 1716 879 1782; x_wconf 80' lang='lat' dir='ltr'><strong><em>infra</em></strong></span> <span class='ocrx_word' id='word_1_138' title='bbox 894 1717 1059 1784; x_wconf 81' lang='lat' dir='ltr'><strong><em>dicemuse</em></strong></span> <span class='ocrx_word' id='word_1_139' title='bbox 1082 1743 1182 1807; x_wconf 89' lang='lat' dir='ltr'><strong><em>saepe</em></strong></span> <span class='ocrx_word' id='word_1_140' title='bbox 1197 1743 1278 1786; x_wconf 89' lang='lat' dir='ltr'><strong><em>eon·</em></strong></span> <span class='ocrx_word' id='word_1_141' title='bbox 1364 1773 1366 1808; x_wconf 67' lang='grc'>,</span> 
     </span>
     <span class='ocr_line' id='line_1_19' title="bbox 224 1801 1366 1872; baseline 0.002 -3"><span class='ocrx_word' id='word_1_142' title='bbox 224 1804 388 1870; x_wconf 83' lang='lat' dir='ltr'><strong><em>venientia</em></strong></span> <span class='ocrx_word' id='word_1_143' title='bbox 401 1827 513 1871; x_wconf 89' lang='lat' dir='ltr'><strong><em>rerum</em></strong></span> <span class='ocrx_word' id='word_1_144' title='bbox 538 1815 570 1869; x_wconf 85' lang='lat' dir='ltr'><strong><em>et</em></strong></span> <span class='ocrx_word' id='word_1_145' title='bbox 586 1805 715 1870; x_wconf 85' lang='lat' dir='ltr'><strong><em>occasio</em></strong></span> <span class='ocrx_word' id='word_1_146' title='bbox 736 1801 903 1868; x_wconf 84' lang='lat' dir='ltr'><strong><em>definitur.</em></strong></span> <span class='ocrx_word' id='word_1_147' title='bbox 949 1804 1162 1870; x_wconf 85' lang='lat' dir='ltr'><strong><em>Substantivo</em></strong></span> <span class='ocrx_word' id='word_1_148' title='bbox 1188 1808 1277 1872; x_wconf 89' lang='lat' dir='ltr'><strong><em>enim</em></strong></span> <span class='ocrx_word' id='word_1_149' title='bbox 1364 1815 1366 1830; x_wconf 74' lang='lat'><em>²</em></span> 
     </span>
    </p>
   </div>
   <div class='ocr_carea' id='block_1_10' title="bbox 223 1889 1279 1980">
    <p class='ocr_par' dir='ltr' id='par_1_11' title="bbox 223 1889 1279 1980">
     <span class='ocr_line' id='line_1_20' title="bbox 223 1889 1279 1980; baseline 0.003 -26"><span class='ocrx_word' id='word_1_150' title='bbox 223 1891 424 1980; x_wconf 78' lang='lat' dir='ltr'><strong><em>&#39;exprimitur</em></strong></span> <span class='ocrx_word' id='word_1_151' title='bbox 447 1892 552 1968; x_wconf 88' lang='lat' dir='ltr'><strong><em>actio,</em></strong></span> <span class='ocrx_word' id='word_1_152' title='bbox 577 1891 609 1954; x_wconf 90' lang='lat' dir='ltr'><strong><em>in</em></strong></span> <span class='ocrx_word' id='word_1_153' title='bbox 634 1913 732 1976; x_wconf 87' lang='lat' dir='ltr'><strong><em>quam</em></strong></span> <span class='ocrx_word' id='word_1_154' title='bbox 756 1889 844 1954; x_wconf 88' lang='lat' dir='ltr'><strong><em>aliud</em></strong></span> <span class='ocrx_word' id='word_1_155' title='bbox 871 1889 949 1975; x_wconf 91' lang='lat' dir='ltr'><strong><em>quid</em></strong></span> <span class='ocrx_word' id='word_1_156' title='bbox 975 1891 1109 1972; x_wconf 83' lang='lat' dir='ltr'><strong><em>incidit,</em></strong></span> <span class='ocrx_word' id='word_1_157' title='bbox 1143 1904 1279 1974; x_wconf 85' lang='lat' dir='ltr'><strong><em>autres,</em></strong></span> 
     </span>
    </p>
   </div>
   <div class='ocr_carea' id='block_1_11' title="bbox 225 1973 1366 2076">
    <p class='ocr_par' dir='ltr' id='par_1_12' title="bbox 225 1973 1366 2076">
     <span class='ocr_line' id='line_1_21' title="bbox 225 1973 1366 2076; baseline -0.001 -37"><span class='ocrx_word' id='word_1_158' title='bbox 225 1997 291 2064; x_wconf 91' lang='lat' dir='ltr'><strong><em>qua</em></strong></span> <span class='ocrx_word' id='word_1_159' title='bbox 315 1988 514 2076; x_wconf 78' lang='lat' dir='ltr'><strong><em>occupatus,</em></strong></span> <span class='ocrx_word' id='word_1_160' title='bbox 539 1974 657 2063; x_wconf 86' lang='lat' dir='ltr'><strong><em>aliquis</em></strong></span> <span class='ocrx_word' id='word_1_161' title='bbox 681 1973 806 2065; x_wconf 84' lang='lat' dir='ltr'><strong><em>aliquid</em></strong></span> <span class='ocrx_word' id='word_1_162' title='bbox 832 1976 909 2064; x_wconf 86' lang='lat' dir='ltr'><strong><em>agit.</em></strong></span> <span class='ocrx_word' id='word_1_163' title='bbox 961 1977 1080 2042; x_wconf 85' lang='lat' dir='ltr'><strong><em>Graeci</em></strong></span> <span class='ocrx_word' id='word_1_164' title='bbox 1102 1975 1173 2044; x_wconf 85' lang='lat' dir='ltr'><strong><em>fere</em></strong></span> <span class='ocrx_word' id='word_1_165' title='bbox 1197 1979 1280 2045; x_wconf 87' lang='lat' dir='ltr'><strong><em>adii-</em></strong></span> <span class='ocrx_word' id='word_1_166' title='bbox 1365 2023 1366 2038; x_wconf 50' lang='lat'>2</span> 
     </span>
    </p>
   </div>
   <div class='ocr_carea' id='block_1_12' title="bbox 223 2061 1281 2338">
    <p class='ocr_par' dir='ltr' id='par_1_13' title="bbox 223 2061 1281 2338">
     <span class='ocr_line' id='line_1_22' title="bbox 223 2061 554 2152; baseline 0.006 -27"><span class='ocrx_word' id='word_1_167' title='bbox 223 2063 316 2129; x_wconf 89' lang='lat' dir='ltr'><strong><em>ciunt</em></strong></span> <span class='ocrx_word' id='word_1_168' title='bbox 330 2061 554 2152; x_wconf 78' lang='lat' dir='ltr'><strong><em>participium.</em></strong></span> 
     </span>
     <span class='ocr_line' id='line_1_23' title="bbox 326 2178 1281 2254; baseline 0.004 -18"><span class='ocrx_word' id='word_1_169' title='bbox 326 2183 539 2251; x_wconf 81' lang='lat' dir='ltr'><strong><em>Exemplorum,</em></strong></span> <span class='ocrx_word' id='word_1_170' title='bbox 557 2197 628 2252; x_wconf 82' lang='lat' dir='ltr'><strong><em>qnae</em></strong></span> <span class='ocrx_word' id='word_1_171' title='bbox 642 2180 723 2233; x_wconf 85' lang='lat' dir='ltr'><strong><em>modo</em></strong></span> <span class='ocrx_word' id='word_1_172' title='bbox 740 2178 891 2248; x_wconf 73' lang='lat' dir='ltr'><strong><em>attulimue,</em></strong></span> <span class='ocrx_word' id='word_1_173' title='bbox 913 2180 1049 2250; x_wconf 82' lang='lat' dir='ltr'><strong><em>quaedum</em></strong></span> <span class='ocrx_word' id='word_1_174' title='bbox 1062 2181 1119 2236; x_wconf 89' lang='lat' dir='ltr'><strong><em>bue</em></strong></span> <span class='ocrx_word' id='word_1_175' title='bbox 1135 2183 1281 2254; x_wconf 85' lang='lat' dir='ltr'><strong><em>pertinent.</em></strong></span> 
     </span>
     <span class='ocr_line' id='line_1_24' title="bbox 293 2261 1279 2338; baseline 0.003 -16"><span class='ocrx_word' id='word_1_176' title='bbox 293 2265 694 2336; x_wconf 75' lang='lat' dir='ltr'><strong><em>cre.tncatt1.2,8‚1t.qot</em></strong></span> <span class='ocrx_word' id='word_1_177' title='bbox 708 2266 850 2338; x_wconf 76' lang='lat' dir='ltr'><strong><em>magnoin</em></strong></span> <span class='ocrx_word' id='word_1_178' title='bbox 873 2281 934 2318; x_wconf 87' lang='lat' dir='ltr'><strong><em>cere</em></strong></span> <span class='ocrx_word' id='word_1_179' title='bbox 954 2268 1041 2320; x_wconf 83' lang='lat' dir='ltr'><strong><em>alieno</em></strong></span> <span class='ocrx_word' id='word_1_180' title='bbox 1065 2269 1180 2322; x_wconf 80' lang='lat' dir='ltr'><strong><em>maiam</em></strong></span> <span class='ocrx_word' id='word_1_181' title='bbox 1199 2261 1279 2324; x_wconf 67' lang='lat' dir='ltr'><strong><em>ebione</em></strong></span> 
     </span>
    </p>
   </div>
   <div class='ocr_carea' id='block_1_13' title="bbox 287 2349 1279 2508">
    <p class='ocr_par' dir='ltr' id='par_1_14' title="bbox 287 2349 1279 2508">
     <span class='ocr_line' id='line_1_25' title="bbox 287 2349 1278 2430; baseline 0.004 -24"><span class='ocrx_word' id='word_1_182' title='bbox 287 2355 461 2430; x_wconf 69' lang='lat' dir='ltr'><strong><em>poeoeeeionee</em></strong></span> <span class='ocrx_word' id='word_1_183' title='bbox 476 2354 581 2407; x_wconf 69' lang='lat' dir='ltr'><strong><em>bobert.</em></strong></span> <span class='ocrx_word' id='word_1_184' title='bbox 596 2383 601 2394; x_wconf 90' lang='lat'><strong>·</strong></span> <span class='ocrx_word' id='word_1_185' title='bbox 614 2353 694 2406; x_wconf 79' lang='lat' dir='ltr'><strong><em>Caes.</em></strong></span> <span class='ocrx_word' id='word_1_186' title='bbox 710 2351 743 2404; x_wconf 79' lang='lat' dir='ltr'><strong><em>B·</em></strong></span> <span class='ocrx_word' id='word_1_187' title='bbox 759 2349 814 2402; x_wconf 81' lang='lat' dir='ltr'><strong><em>civ.</em></strong></span> <span class='ocrx_word' id='word_1_188' title='bbox 828 2349 858 2415; x_wconf 67' lang='lat' dir='ltr'><strong><em>a,</em></strong></span> <span class='ocrx_word' id='word_1_189' title='bbox 871 2349 916 2404; x_wconf 77' lang='lat'><strong><em>31.</em></strong></span> <span class='ocrx_word' id='word_1_190' title='bbox 933 2368 1083 2420; x_wconf 77' lang='lat' dir='ltr'><strong><em>nummoque</em></strong></span> <span class='ocrx_word' id='word_1_191' title='bbox 1100 2353 1130 2406; x_wconf 85' lang='lat' dir='ltr'><strong><em>in</em></strong></span> <span class='ocrx_word' id='word_1_192' title='bbox 1151 2356 1278 2410; x_wconf 79' lang='lat' dir='ltr'><strong><em>solticitu-</em></strong></span> 
     </span>
     <span class='ocr_line' id='line_1_26' title="bbox 292 2435 1279 2508; baseline 0.003 -16"><span class='ocrx_word' id='word_1_193' title='bbox 292 2441 352 2492; x_wconf 81' lang='lat' dir='ltr'><strong><em>dine</em></strong></span> <span class='ocrx_word' id='word_1_194' title='bbox 375 2456 407 2491; x_wconf 89' lang='lat' dir='ltr'><strong><em>oc</em></strong></span> <span class='ocrx_word' id='word_1_195' title='bbox 426 2439 517 2492; x_wconf 75' lang='lat' dir='ltr'><strong><em>timore</em></strong></span> <span class='ocrx_word' id='word_1_196' title='bbox 535 2439 652 2508; x_wconf 78' lang='lat' dir='ltr'><strong><em>pnrtliici</em></strong></span> <span class='ocrx_word' id='word_1_197' title='bbox 672 2437 731 2489; x_wconf 82' lang='lat' dir='ltr'><strong><em>tettt</em></strong></span> <span class='ocrx_word' id='word_1_198' title='bbox 753 2437 779 2488; x_wconf 87' lang='lat' dir='ltr'><strong><em>in</em></strong></span> <span class='ocrx_word' id='word_1_199' title='bbox 800 2435 963 2506; x_wconf 79' lang='lat' dir='ltr'><strong><em>provinciam</em></strong></span> <span class='ocrx_word' id='word_1_200' title='bbox 992 2453 1071 2504; x_wconf 78' lang='lat' dir='ltr'><strong><em>purim</em></strong></span> <span class='ocrx_word' id='word_1_201' title='bbox 1093 2442 1205 2495; x_wconf 79' lang='lat' dir='ltr'><strong><em>venisset</em></strong></span> <span class='ocrx_word' id='word_1_202' title='bbox 1226 2448 1279 2494; x_wconf 78' lang='lat' dir='ltr'><strong><em>ete.</em></strong></span> 
     </span>
    </p>
   </div>
   <div class='ocr_carea' id='block_1_14' title="bbox 291 2521 1365 2593">
    <p class='ocr_par' dir='ltr' id='par_1_15' title="bbox 291 2521 1365 2593">
     <span class='ocr_line' id='line_1_27' title="bbox 291 2521 1365 2593; baseline 0.007 -19"><span class='ocrx_word' id='word_1_203' title='bbox 291 2523 318 2590; x_wconf 90' lang='lat'><strong><em>1,</em></strong></span> <span class='ocrx_word' id='word_1_204' title='bbox 334 2521 360 2574; x_wconf 69' lang='grc'><strong><em>1.</em></strong></span> <span class='ocrx_word' id='word_1_205' title='bbox 372 2528 478 2590; x_wconf 65' lang='lat' dir='ltr'><strong><em>sadum</em></strong></span> <span class='ocrx_word' id='word_1_206' title='bbox 495 2526 525 2576; x_wconf 87' lang='lat' dir='ltr'><strong><em>in</em></strong></span> <span class='ocrx_word' id='word_1_207' title='bbox 538 2524 689 2592; x_wconf 77' lang='lat' dir='ltr'><strong><em>perniciosis</em></strong></span> <span class='ocrx_word' id='word_1_208' title='bbox 703 2522 821 2593; x_wconf 72' lang='lat' dir='ltr'><strong><em>legibue,</em></strong></span> <span class='ocrx_word' id='word_1_209' title='bbox 841 2521 869 2572; x_wconf 87' lang='lat' dir='ltr'><strong><em>in</em></strong></span> <span class='ocrx_word' id='word_1_210' title='bbox 883 2521 910 2571; x_wconf 82' lang='lat' dir='ltr'><strong><em>oi</em></strong></span> <span class='ocrx_word' id='word_1_211' title='bbox 924 2521 1079 2587; x_wconf 76' lang='lat' dir='ltr'><strong><em>tribwritin,</em></strong></span> <span class='ocrx_word' id='word_1_212' title='bbox 1097 2525 1126 2576; x_wconf 87' lang='lat' dir='ltr'><strong><em>in</em></strong></span> <span class='ocrx_word' id='word_1_213' title='bbox 1139 2529 1280 2581; x_wconf 83' lang='lat' dir='ltr'><strong><em>eeceeeicne</em></strong></span> <span class='ocrx_word' id='word_1_214' title='bbox 1364 2537 1365 2540; x_wconf 77' lang='grc'>’</span> 
     </span>
    </p>
   </div>
   <div class='ocr_carea' id='block_1_15' title="bbox 288 2601 1280 2762">
    <p class='ocr_par' dir='ltr' id='par_1_16' title="bbox 288 2601 1280 2762">
     <span class='ocr_line' id='line_1_28' title="bbox 288 2601 1279 2676; baseline 0.008 -19"><span class='ocrx_word' id='word_1_215' title='bbox 288 2607 389 2676; x_wconf 80' lang='lat' dir='ltr'><strong><em>popuii.</em></strong></span> <span class='ocrx_word' id='word_1_216' title='bbox 412 2607 441 2657; x_wconf 83' lang='grc' dir='ltr'><strong><em>Ιι.</em></strong></span> <span class='ocrx_word' id='word_1_217' title='bbox 463 2601 492 2658; x_wconf 67' lang='grc' dir='ltr'><strong><em>ο.</em></strong></span> <span class='ocrx_word' id='word_1_218' title='bbox 514 2605 579 2658; x_wconf 85' lang='lat' dir='ltr'><strong><em>dnm</em></strong></span> <span class='ocrx_word' id='word_1_219' title='bbox 601 2614 745 2658; x_wconf 81' lang='lat' dir='ltr'><strong><em>vereantur</em></strong></span> <span class='ocrx_word' id='word_1_220' title='bbox 765 2604 794 2657; x_wconf 88' lang='lat' dir='ltr'><strong><em>in</em></strong></span> <span class='ocrx_word' id='word_1_221' title='bbox 823 2603 980 2674; x_wconf 81' lang='lat' dir='ltr'><strong><em>perniciosis</em></strong></span> <span class='ocrx_word' id='word_1_222' title='bbox 1001 2606 1118 2676; x_wconf 80' lang='lat' dir='ltr'><strong><em>legibue.</em></strong></span> <span class='ocrx_word' id='word_1_223' title='bbox 1163 2609 1279 2665; x_wconf 85' lang='lat' dir='ltr'><strong><em>Sullnst.</em></strong></span> 
     </span>
     <span class='ocr_line' id='line_1_29' title="bbox 292 2688 1280 2762; baseline 0.004 -19"><span class='ocrx_word' id='word_1_224' title='bbox 292 2691 353 2743; x_wconf 81' lang='lat' dir='ltr'><strong><em>Cat.</em></strong></span> <span class='ocrx_word' id='word_1_225' title='bbox 369 2688 396 2754; x_wconf 77' lang='grc'><strong><em>2,</em></strong></span> <span class='ocrx_word' id='word_1_226' title='bbox 410 2689 436 2742; x_wconf 80' lang='lat' dir='ltr'><strong><em>ii.</em></strong></span> <span class='ocrx_word' id='word_1_227' title='bbox 454 2690 499 2742; x_wconf 83' lang='lat' dir='ltr'><strong><em>red</em></strong></span> <span class='ocrx_word' id='word_1_228' title='bbox 512 2689 542 2740; x_wconf 85' lang='lat' dir='ltr'><strong><em>ia</em></strong></span> <span class='ocrx_word' id='word_1_229' title='bbox 555 2707 656 2761; x_wconf 81' lang='lat' dir='ltr'><strong><em>magno</em></strong></span> <span class='ocrx_word' id='word_1_230' title='bbox 671 2691 747 2762; x_wconf 84' lang='lat' dir='ltr'><strong><em>capio</em></strong></span> <span class='ocrx_word' id='word_1_231' title='bbox 762 2707 848 2742; x_wconf 84' lang='lat' dir='ltr'><strong><em>reram</em></strong></span> <span class='ocrx_word' id='word_1_232' title='bbox 863 2691 938 2743; x_wconf 82' lang='lat' dir='ltr'><strong><em>atiud</em></strong></span> <span class='ocrx_word' id='word_1_233' title='bbox 957 2691 1005 2742; x_wconf 86' lang='lat' dir='ltr'><strong><em>clii</em></strong></span> <span class='ocrx_word' id='word_1_234' title='bbox 1019 2699 1119 2744; x_wconf 76' lang='lat' dir='ltr'><strong><em>notata</em></strong></span> <span class='ocrx_word' id='word_1_235' title='bbox 1131 2695 1180 2746; x_wconf 85' lang='lat' dir='ltr'><strong><em>iter</em></strong></span> <span class='ocrx_word' id='word_1_236' title='bbox 1194 2703 1280 2748; x_wconf 83' lang='lat' dir='ltr'><strong><em>oeten·</em></strong></span> 
     </span>
    </p>
   </div>
   <div class='ocr_carea' id='block_1_16' title="bbox 184 2769 1278 2844">
    <p class='ocr_par' dir='ltr' id='par_1_17' title="bbox 184 2769 1278 2844">
     <span class='ocr_line' id='line_1_30' title="bbox 184 2769 1278 2844; baseline 0.007 -21"><span class='ocrx_word' id='word_1_237' title='bbox 184 2769 187 2778; x_wconf 87' lang='lat'>&#39;</span> <span class='ocrx_word' id='word_1_238' title='bbox 290 2774 341 2826; x_wconf 79' lang='lat' dir='ltr'><strong><em>dit.</em></strong></span> <span class='ocrx_word' id='word_1_239' title='bbox 358 2771 406 2825; x_wconf 87' lang='lat' dir='ltr'><strong><em>ubi</em></strong></span> <span class='ocrx_word' id='word_1_240' title='bbox 422 2772 479 2829; x_wconf 81' lang='lat' dir='ltr'><strong><em>elin</em></strong></span> <span class='ocrx_word' id='word_1_241' title='bbox 492 2774 609 2828; x_wconf 86' lang='lat' dir='ltr'><strong><em>contulit</em></strong></span> <span class='ocrx_word' id='word_1_242' title='bbox 626 2772 752 2838; x_wconf 80' lang='lat' dir='ltr'><strong><em>cortine,</em></strong></span> <span class='ocrx_word' id='word_1_243' title='bbox 770 2779 799 2826; x_wconf 88' lang='lat' dir='ltr'><strong><em>et</em></strong></span> <span class='ocrx_word' id='word_1_244' title='bbox 812 2774 847 2826; x_wconf 83' lang='lat' dir='ltr'><strong><em>nd</em></strong></span> <span class='ocrx_word' id='word_1_245' title='bbox 863 2773 918 2827; x_wconf 87' lang='lat' dir='ltr'><strong><em>Cic.</em></strong></span> <span class='ocrx_word' id='word_1_246' title='bbox 937 2775 1026 2844; x_wconf 79' lang='lat' dir='ltr'><strong><em>Epist.</em></strong></span> <span class='ocrx_word' id='word_1_247' title='bbox 1041 2775 1067 2840; x_wconf 95' lang='grc'><strong><em>1,</em></strong></span> <span class='ocrx_word' id='word_1_248' title='bbox 1081 2773 1107 2841; x_wconf 80' lang='lat'><strong><em>4,</em></strong></span> <span class='ocrx_word' id='word_1_249' title='bbox 1122 2774 1148 2833; x_wconf 82' lang='grc'><strong><em>6.</em></strong></span> <span class='ocrx_word' id='word_1_250' title='bbox 1168 2777 1225 2832; x_wconf 82' lang='lat' dir='ltr'><strong><em>cic.</em></strong></span> <span class='ocrx_word' id='word_1_251' title='bbox 1243 2780 1278 2831; x_wconf 88' lang='lat' dir='ltr'><strong><em>de</em></strong></span> 
     </span>
    </p>
   </div>
   <div class='ocr_carea' id='block_1_17' title="bbox 271 2839 1280 2930">
    <p class='ocr_par' dir='ltr' id='par_1_18' title="bbox 271 2839 1280 2930">
     <span class='ocr_line' id='line_1_31' title="bbox 271 2839 1280 2930; baseline 0.007 -20"><span class='ocrx_word' id='word_1_252' title='bbox 271 2839 276 2851; x_wconf 42' lang='grc' dir='ltr'><em>Ι</em></span> <span class='ocrx_word' id='word_1_253' title='bbox 293 2855 356 2910; x_wconf 84' lang='lat' dir='ltr'><strong><em>Fin.</em></strong></span> <span class='ocrx_word' id='word_1_254' title='bbox 369 2855 397 2921; x_wconf 78' lang='lat'><strong><em>3,</em></strong></span> <span class='ocrx_word' id='word_1_255' title='bbox 411 2855 437 2922; x_wconf 82' lang='lat' dir='ltr'><strong><em>ii,</em></strong></span> <span class='ocrx_word' id='word_1_256' title='bbox 450 2855 494 2909; x_wconf 77' lang='grc'><strong><em>22.</em></strong></span> <span class='ocrx_word' id='word_1_257' title='bbox 512 2859 574 2910; x_wconf 81' lang='lat' dir='ltr'><strong><em>truie</em></strong></span> <span class='ocrx_word' id='word_1_258' title='bbox 592 2860 621 2912; x_wconf 88' lang='lat' dir='ltr'><strong><em>in</em></strong></span> <span class='ocrx_word' id='word_1_259' title='bbox 639 2859 763 2912; x_wconf 83' lang='lat' dir='ltr'><strong><em>eiusmodi</em></strong></span> <span class='ocrx_word' id='word_1_260' title='bbox 776 2859 945 2912; x_wconf 84' lang='lat' dir='ltr'><strong><em>eimilitadine</em></strong></span> <span class='ocrx_word' id='word_1_261' title='bbox 960 2861 1047 2913; x_wconf 82' lang='lat' dir='ltr'><strong><em>omnin</em></strong></span> <span class='ocrx_word' id='word_1_262' title='bbox 1065 2861 1119 2912; x_wconf 74' lang='lat' dir='ltr'><strong><em>stne</em></strong></span> <span class='ocrx_word' id='word_1_263' title='bbox 1133 2865 1280 2930; x_wconf 82' lang='lat' dir='ltr'><strong><em>socierndo,</em></strong></span> 
     </span>
    </p>
   </div>
   <div class='ocr_carea' id='block_1_18' title="bbox 291 2929 1364 3014">
    <p class='ocr_par' dir='ltr' id='par_1_19' title="bbox 291 2929 1364 3014">
     <span class='ocr_line' id='line_1_32' title="bbox 291 2929 1364 3014; baseline 0.01 -20"><span class='ocrx_word' id='word_1_264' title='bbox 291 2949 323 2996; x_wconf 84' lang='lat' dir='ltr'><strong><em>nt</em></strong></span> <span class='ocrx_word' id='word_1_265' title='bbox 336 2943 462 2996; x_wconf 81' lang='lat' dir='ltr'><strong><em>collineet.</em></strong></span> <span class='ocrx_word' id='word_1_266' title='bbox 481 2942 500 2996; x_wconf 91' lang='lat' dir='ltr'><strong><em>i.</em></strong></span> <span class='ocrx_word' id='word_1_267' title='bbox 515 2960 539 2997; x_wconf 87' lang='lat' dir='ltr'><strong><em>e.</em></strong></span> <span class='ocrx_word' id='word_1_268' title='bbox 557 2945 598 2998; x_wconf 81' lang='lat' dir='ltr'><strong><em>tn·</em></strong></span> <span class='ocrx_word' id='word_1_269' title='bbox 617 2945 792 2998; x_wconf 82' lang='lat' dir='ltr'><strong><em>obwottender</em></strong></span> <span class='ocrx_word' id='word_1_270' title='bbox 806 2929 980 2998; x_wconf 68' lang='lat' dir='ltr'><strong><em>:ibaticlrkeit</em></strong></span> <span class='ocrx_word' id='word_1_271' title='bbox 1015 2962 1042 3013; x_wconf 86' lang='lat' dir='ltr'><strong><em>p.</em></strong></span> <span class='ocrx_word' id='word_1_272' title='bbox 1063 2944 1171 3000; x_wconf 84' lang='lat' dir='ltr'><strong><em>Clucut.</em></strong></span> <span class='ocrx_word' id='word_1_273' title='bbox 1187 2947 1221 3014; x_wconf 82' lang='grc'><strong><em>8,</em></strong></span> <span class='ocrx_word' id='word_1_274' title='bbox 1233 2949 1277 3003; x_wconf 76' lang='grc'><strong><em>25.</em></strong></span> <span class='ocrx_word' id='word_1_275' title='bbox 1363 2963 1364 3004; x_wconf 74' lang='lat' dir='ltr'><strong><em>t</em></strong></span> 
     </span>
    </p>
   </div>
   <div class='ocr_carea' id='block_1_19' title="bbox 286 3027 1280 3264">
    <p class='ocr_par' dir='ltr' id='par_1_20' title="bbox 286 3027 1280 3264">
     <span class='ocr_line' id='line_1_33' title="bbox 291 3027 1278 3086; baseline 0.007 -6"><span class='ocrx_word' id='word_1_276' title='bbox 291 3027 418 3081; x_wconf 76' lang='lat' dir='ltr'><strong><em>laurinum</em></strong></span> <span class='ocrx_word' id='word_1_277' title='bbox 432 3029 460 3080; x_wconf 90' lang='lat' dir='ltr'><strong><em>in</em></strong></span> <span class='ocrx_word' id='word_1_278' title='bbox 472 3045 571 3082; x_wconf 80' lang='lat' dir='ltr'><strong><em>tommo</em></strong></span> <span class='ocrx_word' id='word_1_279' title='bbox 588 3031 680 3083; x_wconf 82' lang='lat' dir='ltr'><strong><em>timore</em></strong></span> <span class='ocrx_word' id='word_1_280' title='bbox 695 3029 809 3082; x_wconf 74' lang='lat' dir='ltr'><strong><em>omnium</em></strong></span> <span class='ocrx_word' id='word_1_281' title='bbox 827 3046 885 3080; x_wconf 83' lang='lat' dir='ltr'><strong><em>corn</em></strong></span> <span class='ocrx_word' id='word_1_282' title='bbox 904 3031 1017 3082; x_wconf 80' lang='lat' dir='ltr'><strong><em>armotie</em></strong></span> <span class='ocrx_word' id='word_1_283' title='bbox 1036 3031 1178 3086; x_wconf 81' lang='lat' dir='ltr'><strong><em>advolarit.</em></strong></span> <span class='ocrx_word' id='word_1_284' title='bbox 1212 3032 1278 3086; x_wconf 84' lang='lat' dir='ltr'><strong><em>Sul-</em></strong></span> 
     </span>
     <span class='ocr_line' id='line_1_34' title="bbox 286 3110 1280 3198; baseline 0.009 -35"><span class='ocrx_word' id='word_1_285' title='bbox 286 3110 351 3164; x_wconf 83' lang='lat' dir='ltr'><strong><em>lust.</em></strong></span> <span class='ocrx_word' id='word_1_286' title='bbox 366 3112 428 3182; x_wconf 80' lang='lat' dir='ltr'><strong><em>lug.</em></strong></span> <span class='ocrx_word' id='word_1_287' title='bbox 444 3110 527 3178; x_wconf 56' lang='lat'>1125.</span> <span class='ocrx_word' id='word_1_288' title='bbox 545 3115 574 3166; x_wconf 84' lang='lat' dir='ltr'><strong><em>in</em></strong></span> <span class='ocrx_word' id='word_1_289' title='bbox 588 3116 642 3168; x_wconf 84' lang='lat' dir='ltr'><strong><em>enie</em></strong></span> <span class='ocrx_word' id='word_1_290' title='bbox 655 3115 740 3166; x_wconf 77' lang='lat' dir='ltr'><strong><em>dubiis</em></strong></span> <span class='ocrx_word' id='word_1_291' title='bbox 755 3115 831 3166; x_wconf 80' lang='lat' dir='ltr'><strong><em>rebar</em></strong></span> <span class='ocrx_word' id='word_1_292' title='bbox 849 3113 994 3167; x_wconf 81' lang='lat' dir='ltr'><strong><em>societatem</em></strong></span> <span class='ocrx_word' id='word_1_293' title='bbox 1008 3123 1125 3175; x_wconf 26' lang='lat' dir='ltr'><strong><em>*vestram</em></strong></span> <span class='ocrx_word' id='word_1_294' title='bbox 1140 3121 1280 3198; x_wconf 77' lang='lat' dir='ltr'><strong><em>oppetive-</em></strong></span> 
     </span>
     <span class='ocr_line' id='line_1_35' title="bbox 287 3195 1124 3264; baseline 0.01 -16"><span class='ocrx_word' id='word_1_295' title='bbox 287 3205 358 3250; x_wconf 85' lang='lat' dir='ltr'><strong><em>rnnt.</em></strong></span> <span class='ocrx_word' id='word_1_296' title='bbox 394 3197 508 3264; x_wconf 81' lang='lat' dir='ltr'><strong><em>Quintil.</em></strong></span> <span class='ocrx_word' id='word_1_297' title='bbox 524 3197 566 3264; x_wconf 77' lang='lat'><strong><em>12,</em></strong></span> <span class='ocrx_word' id='word_1_298' title='bbox 582 3197 609 3264; x_wconf 82' lang='lat'><strong><em>2,</em></strong></span> <span class='ocrx_word' id='word_1_299' title='bbox 625 3195 668 3250; x_wconf 78' lang='lat'><strong><em>15.</em></strong></span> <span class='ocrx_word' id='word_1_300' title='bbox 687 3199 716 3250; x_wconf 85' lang='lat' dir='ltr'><strong><em>ia</em></strong></span> <span class='ocrx_word' id='word_1_301' title='bbox 729 3205 806 3252; x_wconf 84' lang='lat' dir='ltr'><strong><em>tantu</em></strong></span> <span class='ocrx_word' id='word_1_302' title='bbox 820 3213 972 3250; x_wconf 77' lang='lat' dir='ltr'><strong><em>cumeorum</em></strong></span> <span class='ocrx_word' id='word_1_303' title='bbox 987 3200 1124 3256; x_wconf 64' lang='lat' dir='ltr'><strong><em>oarktute.</em></strong></span> 
     </span>
    </p>
   </div>
   <div class='ocr_carea' id='block_1_20' title="bbox 321 3296 1280 3376">
    <p class='ocr_par' dir='ltr' id='par_1_21' title="bbox 321 3296 1280 3376">
     <span class='ocr_line' id='line_1_36' title="bbox 321 3296 1280 3376; baseline 0.008 -24"><span class='ocrx_word' id='word_1_304' title='bbox 321 3296 381 3352; x_wconf 72' lang='lat' dir='ltr'><strong><em>cio.</em></strong></span> <span class='ocrx_word' id='word_1_305' title='bbox 396 3297 430 3349; x_wconf 91' lang='lat' dir='ltr'><strong><em>de</em></strong></span> <span class='ocrx_word' id='word_1_306' title='bbox 446 3299 509 3350; x_wconf 89' lang='lat' dir='ltr'><strong><em>Sen.</em></strong></span> <span class='ocrx_word' id='word_1_307' title='bbox 524 3298 552 3362; x_wconf 73' lang='grc'><strong><em>7,</em></strong></span> <span class='ocrx_word' id='word_1_308' title='bbox 565 3298 619 3350; x_wconf 77' lang='grc'><strong>21..</strong></span> <span class='ocrx_word' id='word_1_309' title='bbox 633 3317 697 3353; x_wconf 84' lang='lat' dir='ltr'><strong><em>nam</em></strong></span> <span class='ocrx_word' id='word_1_310' title='bbox 712 3309 800 3370; x_wconf 87' lang='lat' dir='ltr'><strong><em>paeten</em></strong></span> <span class='ocrx_word' id='word_1_311' title='bbox 822 3301 967 3365; x_wconf 62' lang='lat' dir='ltr'><strong><em>monem,</em></strong></span> <span class='ocrx_word' id='word_1_312' title='bbox 986 3330 1021 3341; x_wconf 92' lang='lat'><em>-</em></span> <span class='ocrx_word' id='word_1_313' title='bbox 1042 3303 1189 3376; x_wconf 61' lang='lat' dir='ltr'><strong><em>Diogenem</em></strong></span> <span class='ocrx_word' id='word_1_314' title='bbox 1200 3306 1280 3360; x_wconf 79' lang='lat' dir='ltr'><strong><em>Stoi·</em></strong></span> 
     </span>
    </p>
   </div>
   <div class='ocr_carea' id='block_1_21' title="bbox 287 3381 1363 3460">
    <p class='ocr_par' dir='ltr' id='par_1_22' title="bbox 287 3381 1363 3460">
     <span class='ocr_line' id='line_1_37' title="bbox 287 3381 1363 3460; baseline 0.01 -26"><span class='ocrx_word' id='word_1_315' title='bbox 287 3398 349 3440; x_wconf 75' lang='lat' dir='ltr'><strong><em>cern</em></strong></span> <span class='ocrx_word' id='word_1_316' title='bbox 361 3384 441 3450; x_wconf 84' lang='lat' dir='ltr'><strong><em>coepit</em></strong></span> <span class='ocrx_word' id='word_1_317' title='bbox 454 3385 481 3434; x_wconf 86' lang='lat' dir='ltr'><strong><em>in</em></strong></span> <span class='ocrx_word' id='word_1_318' title='bbox 493 3385 546 3435; x_wconf 82' lang='lat' dir='ltr'><strong><em>anie</em></strong></span> <span class='ocrx_word' id='word_1_319' title='bbox 559 3385 652 3436; x_wconf 72' lang='lat' dir='ltr'><strong><em>studiis</em></strong></span> <span class='ocrx_word' id='word_1_320' title='bbox 665 3386 837 3438; x_wconf 78' lang='lat' dir='ltr'><strong><em>obmutescere</em></strong></span> <span class='ocrx_word' id='word_1_321' title='bbox 849 3387 986 3440; x_wconf 76' lang='lat' dir='ltr'><strong><em>senectae?</em></strong></span> <span class='ocrx_word' id='word_1_322' title='bbox 1020 3388 1141 3442; x_wconf 81' lang='lat' dir='ltr'><strong><em>Criticue</em></strong></span> <span class='ocrx_word' id='word_1_323' title='bbox 1161 3391 1283 3460; x_wconf 70' lang='lat' dir='ltr'><strong><em>quidem</em></strong></span> <span class='ocrx_word' id='word_1_324' title='bbox 1362 3381 1363 3386; x_wconf 26' lang='lat'>¹</span> 
     </span>
    </p>
   </div>
   <div class='ocr_carea' id='block_1_22' title="bbox 284 3447 1280 3706">
    <p class='ocr_par' dir='ltr' id='par_1_23' title="bbox 284 3447 1280 3706">
     <span class='ocr_line' id='line_1_38' title="bbox 287 3447 1280 3537; baseline 0.013 -21"><span class='ocrx_word' id='word_1_325' title='bbox 287 3463 316 3517; x_wconf 86' lang='lat' dir='ltr'><strong><em>in</em></strong></span> <span class='ocrx_word' id='word_1_326' title='bbox 330 3465 478 3533; x_wconf 81' lang='lat' dir='ltr'><strong><em>Ephemer.</em></strong></span> <span class='ocrx_word' id='word_1_327' title='bbox 498 3465 570 3534; x_wconf 80' lang='lat' dir='ltr'><strong><em>Lipe.</em></strong></span> <span class='ocrx_word' id='word_1_328' title='bbox 585 3484 610 3520; x_wconf 85' lang='lat' dir='ltr'><strong><em>n.</em></strong></span> <span class='ocrx_word' id='word_1_329' title='bbox 628 3447 703 3520; x_wconf 76' lang='lat'><strong>18‘32.</strong></span> <span class='ocrx_word' id='word_1_330' title='bbox 723 3487 749 3537; x_wconf 91' lang='lat' dir='ltr'><strong><em>p.</em></strong></span> <span class='ocrx_word' id='word_1_331' title='bbox 765 3465 842 3523; x_wconf 76' lang='lat'>1468.</span> <span class='ocrx_word' id='word_1_332' title='bbox 859 3471 995 3525; x_wconf 80' lang='lat' dir='ltr'><strong><em>contendit</em></strong></span> <span class='ocrx_word' id='word_1_333' title='bbox 1009 3473 1097 3526; x_wconf 81' lang='lat' dir='ltr'><strong><em>rerba</em></strong></span> <span class='ocrx_word' id='word_1_334' title='bbox 1111 3475 1203 3528; x_wconf 83' lang='lat' dir='ltr'><strong><em>ineu&#39;ie</em></strong></span> <span class='ocrx_word' id='word_1_335' title='bbox 1220 3485 1280 3528; x_wconf 70' lang='lat' dir='ltr'><strong><em>m-</em></strong></span> 
     </span>
     <span class='ocr_line' id='line_1_39' title="bbox 287 3550 1280 3624; baseline 0.01 -23"><span class='ocrx_word' id='word_1_336' title='bbox 287 3550 353 3616; x_wconf 76' lang='lat' dir='ltr'><strong><em>«liin,</em></strong></span> <span class='ocrx_word' id='word_1_337' title='bbox 371 3565 442 3618; x_wconf 78' lang='lat' dir='ltr'><strong><em>quea</em></strong></span> <span class='ocrx_word' id='word_1_338' title='bbox 457 3551 596 3604; x_wconf 74' lang='lat' dir='ltr'><strong><em>contraria</em></strong></span> <span class='ocrx_word' id='word_1_339' title='bbox 609 3557 700 3604; x_wconf 79' lang='lat' dir='ltr'><strong><em>essent</em></strong></span> <span class='ocrx_word' id='word_1_340' title='bbox 716 3553 850 3606; x_wconf 78' lang='lat' dir='ltr'><strong><em>vocabulo</em></strong></span> <span class='ocrx_word' id='word_1_341' title='bbox 868 3555 1056 3624; x_wconf 66' lang='lat' dir='ltr'><strong><em>obmutescere,</em></strong></span> <span class='ocrx_word' id='word_1_342' title='bbox 1074 3577 1134 3613; x_wconf 79' lang='lat' dir='ltr'><strong><em>esee</em></strong></span> <span class='ocrx_word' id='word_1_343' title='bbox 1146 3561 1280 3615; x_wconf 56' lang='lat' dir='ltr'><strong><em>delendi.</em></strong></span> 
     </span>
     <span class='ocr_line' id='line_1_40' title="bbox 284 3632 892 3706; baseline 0.01 -20"><span class='ocrx_word' id='word_1_344' title='bbox 284 3632 321 3688; x_wconf 76' lang='lat' dir='ltr'><strong><em>nt</em></strong></span> <span class='ocrx_word' id='word_1_345' title='bbox 336 3633 493 3704; x_wconf 76' lang='lat' dir='ltr'><strong><em>significant</em></strong></span> <span class='ocrx_word' id='word_1_346' title='bbox 507 3638 570 3692; x_wconf 83' lang='lat' dir='ltr'><strong><em>darn</em></strong></span> <span class='ocrx_word' id='word_1_347' title='bbox 583 3638 676 3690; x_wconf 69' lang='lat' dir='ltr'><strong><em>audiit</em></strong></span> <span class='ocrx_word' id='word_1_348' title='bbox 692 3655 797 3706; x_wconf 80' lang='lat' dir='ltr'><strong><em>operans</em></strong></span> <span class='ocrx_word' id='word_1_349' title='bbox 813 3638 892 3692; x_wconf 82' lang='lat' dir='ltr'><strong><em>dedit.</em></strong></span> 
     </span>
    </p>
   </div>
   <div class='ocr_carea' id='block_1_23' title="bbox 215 3781 1279 3961">
    <p class='ocr_par' dir='ltr' id='par_1_24' title="bbox 215 3781 1279 3961">
     <span class='ocr_line' id='line_1_41' title="bbox 299 3781 1277 3881; baseline 0.012 -30"><span class='ocrx_word' id='word_1_350' title='bbox 299 3792 350 3870; x_wconf 65' lang='grc'><strong><em>16.</em></strong></span> <span class='ocrx_word' id='word_1_351' title='bbox 376 3786 469 3869; x_wconf 90' lang='lat' dir='ltr'><strong><em>Quae</em></strong></span> <span class='ocrx_word' id='word_1_352' title='bbox 486 3809 590 3874; x_wconf 86' lang='lat' dir='ltr'><strong><em>quum</em></strong></span> <span class='ocrx_word' id='word_1_353' title='bbox 606 3787 650 3852; x_wconf 85' lang='lat' dir='ltr'><strong><em>ita</em></strong></span> <span class='ocrx_word' id='word_1_354' title='bbox 672 3790 757 3870; x_wconf 84' lang='lat' dir='ltr'><strong><em>sint,</em></strong></span> <span class='ocrx_word' id='word_1_355' title='bbox 780 3814 834 3873; x_wconf 85' lang='lat' dir='ltr'><strong><em>en,</em></strong></span> <span class='ocrx_word' id='word_1_356' title='bbox 856 3813 938 3881; x_wconf 89' lang='lat' dir='ltr'><strong><em>quae</em></strong></span> <span class='ocrx_word' id='word_1_357' title='bbox 955 3781 1092 3860; x_wconf 82' lang='lat' dir='ltr'><strong><em>caussali</em></strong></span> <span class='ocrx_word' id='word_1_358' title='bbox 1109 3795 1162 3862; x_wconf 83' lang='lat' dir='ltr'><strong><em>vei</em></strong></span> <span class='ocrx_word' id='word_1_359' title='bbox 1183 3819 1277 3862; x_wconf 87' lang='lat' dir='ltr'><strong><em>con-</em></strong></span> 
     </span>
     <span class='ocr_line' id='line_1_42' title="bbox 215 3869 1279 3961; baseline 0.013 -26"><span class='ocrx_word' id='word_1_360' title='bbox 215 3869 363 3940; x_wconf 87' lang='lat' dir='ltr'><strong><em>ditionali</em></strong></span> <span class='ocrx_word' id='word_1_361' title='bbox 388 3875 612 3940; x_wconf 84' lang='lat' dir='ltr'><strong><em>enuntiatione</em></strong></span> <span class='ocrx_word' id='word_1_362' title='bbox 630 3878 881 3961; x_wconf 83' lang='lat' dir='ltr'><strong><em>exprimuntur,</em></strong></span> <span class='ocrx_word' id='word_1_363' title='bbox 905 3899 971 3944; x_wconf 89' lang='lat' dir='ltr'><strong><em>uno</em></strong></span> <span class='ocrx_word' id='word_1_364' title='bbox 989 3883 1125 3947; x_wconf 85' lang='lat' dir='ltr'><strong><em>nomine</em></strong></span> <span class='ocrx_word' id='word_1_365' title='bbox 1150 3884 1279 3949; x_wconf 91' lang='lat' dir='ltr'><strong><em>condi-</em></strong></span> 
     </span>
    </p>
   </div>
   <div class='ocr_carea' id='block_1_24' title="bbox 211 3957 1361 4056">
    <p class='ocr_par' dir='ltr' id='par_1_25' title="bbox 211 3957 1361 4056">
     <span class='ocr_line' id='line_1_43' title="bbox 211 3957 1361 4056; baseline 0.016 -36"><span class='ocrx_word' id='word_1_366' title='bbox 211 3957 310 4022; x_wconf 89' lang='lat' dir='ltr'><strong><em>tionis</em></strong></span> <span class='ocrx_word' id='word_1_367' title='bbox 328 3970 468 4046; x_wconf 82' lang='lat' dir='ltr'><strong><em>possunt</em></strong></span> <span class='ocrx_word' id='word_1_368' title='bbox 490 3957 754 4046; x_wconf 88' lang='lat' dir='ltr'><strong><em>comprebendi.&#39;</em></strong></span> <span class='ocrx_word' id='word_1_369' title='bbox 772 3959 841 4028; x_wconf 61' lang='lat' dir='ltr'><strong><em>‘sic</em></strong></span> <span class='ocrx_word' id='word_1_370' title='bbox 862 3961 918 4038; x_wconf 85' lang='lat' dir='ltr'><strong><em>fit,</em></strong></span> <span class='ocrx_word' id='word_1_371' title='bbox 939 3960 1030 4030; x_wconf 85' lang='lat' dir='ltr'><strong><em>utin</em></strong></span> <span class='ocrx_word' id='word_1_372' title='bbox 1050 3967 1121 4032; x_wconf 85' lang='lat' dir='ltr'><strong><em>vice</em></strong></span> <span class='ocrx_word' id='word_1_373' title='bbox 1142 3967 1275 4056; x_wconf 84' lang='lat' dir='ltr'><strong><em>funga-</em></strong></span> <span class='ocrx_word' id='word_1_374' title='bbox 1360 4023 1361 4038; x_wconf 44' lang='lat' dir='ltr'><strong><em>n</em></strong></span> 
     </span>
    </p>
   </div>
   <div class='ocr_carea' id='block_1_25' title="bbox 208 4045 1277 4226">
    <p class='ocr_par' dir='ltr' id='par_1_26' title="bbox 208 4045 1277 4226">
     <span class='ocr_line' id='line_1_44' title="bbox 209 4045 1275 4137; baseline 0.016 -32"><span class='ocrx_word' id='word_1_375' title='bbox 209 4051 267 4106; x_wconf 82' lang='lat' dir='ltr'><strong><em>tur</em></strong></span> <span class='ocrx_word' id='word_1_376' title='bbox 281 4045 458 4110; x_wconf 88' lang='lat' dir='ltr'><strong><em>sententiae</em></strong></span> <span class='ocrx_word' id='word_1_377' title='bbox 474 4045 703 4124; x_wconf 85' lang='lat' dir='ltr'><strong><em>secundariae:</em></strong></span> <span class='ocrx_word' id='word_1_378' title='bbox 727 4069 826 4137; x_wconf 88' lang='lat' dir='ltr'><strong><em>quam</em></strong></span> <span class='ocrx_word' id='word_1_379' title='bbox 841 4072 912 4114; x_wconf 89' lang='lat' dir='ltr'><strong><em>rem</em></strong></span> <span class='ocrx_word' id='word_1_380' title='bbox 935 4052 1002 4114; x_wconf 90' lang='lat' dir='ltr'><strong><em>inm</em></strong></span> <span class='ocrx_word' id='word_1_381' title='bbox 1019 4051 1153 4118; x_wconf 88' lang='lat' dir='ltr'><strong><em>Cortius</em></strong></span> <span class='ocrx_word' id='word_1_382' title='bbox 1179 4055 1275 4121; x_wconf 85' lang='lat' dir='ltr'><strong><em>bene</em></strong></span> 
     </span>
     <span class='ocr_line' id='line_1_45' title="bbox 208 4129 1277 4226; baseline 0.012 -32"><span class='ocrx_word' id='word_1_383' title='bbox 208 4131 380 4219; x_wconf 85' lang='lat' dir='ltr'><strong><em>perspexit</em></strong></span> <span class='ocrx_word' id='word_1_384' title='bbox 401 4131 442 4198; x_wconf 91' lang='lat' dir='ltr'><strong><em>ad</em></strong></span> <span class='ocrx_word' id='word_1_385' title='bbox 464 4129 597 4197; x_wconf 83' lang='lat' dir='ltr'><strong><em>Sallust.</em></strong></span> <span class='ocrx_word' id='word_1_386' title='bbox 626 4131 697 4198; x_wconf 81' lang='lat' dir='ltr'><strong><em>Cat.</em></strong></span> <span class='ocrx_word' id='word_1_387' title='bbox 716 4140 760 4218; x_wconf 76' lang='grc'><strong><em>2,</em></strong></span> <span class='ocrx_word' id='word_1_388' title='bbox 787 4140 849 4208; x_wconf 74' lang='lat'><strong><em>10..</em></strong></span> <span class='ocrx_word' id='word_1_389' title='bbox 862 4137 1006 4224; x_wconf 83' lang='lat' dir='ltr'><strong><em>eumque</em></strong></span> <span class='ocrx_word' id='word_1_390' title='bbox 1027 4151 1188 4226; x_wconf 86' lang='lat' dir='ltr'><strong><em>sequutus</em></strong></span> <span class='ocrx_word' id='word_1_391' title='bbox 1217 4153 1277 4210; x_wconf 89' lang='lat' dir='ltr'><strong><em>est</em></strong></span> 
     </span>
    </p>
   </div>
   <div class='ocr_carea' id='block_1_26' title="bbox 0 0 1390 4730">
    <p class='ocr_par' dir='ltr' id='par_1_27' title="bbox 0 0 1390 4730">
     <span class='ocr_line' id='line_1_46' title="bbox 0 0 1390 4730; baseline 0 0"><span class='ocrx_word' id='word_1_392' title='bbox 0 0 1390 4730; x_wconf 95' lang='lat' dir='ltr'><strong><em> </em></strong></span> 
     </span>
    </p>
   </div>
  </div>
 </body>
</html>
