2738 4730
108 1408 115 1428 ’
197 1415 296 1482 Conf.
311 1414 468 1480 Bremia

195 285 261 350 281
378 310 382 318 ·
616 299 621 308 “
694 271 754 342 ΙΝ.

221 448 223 457 ⁴
261 451 314 506 ago
334 432 403 486 cntra
425 431 555 486 renovabo
575 430 837 492 commendatiorem,
855 407 906 484 aed¹
921 435 1047 507 temporo.
1075 428 1206 496 11‚1‚a.
1230 406 1287 486 Ιιις

264 519 319 574 off.
335 517 362 584 ὅ,
378 515 422 582 lt,
437 515 481 570 oo.
500 516 578 570 codd.
595 516 729 584 praebent
750 515 869 584 tempori.
902 514 989 568 Ratil.
999 515 1076 584 stup.
1093 517 1172 581 1,1.
1198 535 1262 571 acm

262 607 331 674 qaod
345 603 496 714 beotefieprru
508 609 623 672 tempore
645 610 670 656 et
690 601 809 672 capienti
824 602 921 666 datur,
939 608 1051 672 gratum
1065 609 1113 656 eet.
1138 601 1188 656 ubi
1202 602 1260 658 vid.

264 690 412 745 Ruhnken.
915 719 917 726 ›

168 874 173 878 .
278 815 313 880 5.
334 811 492 886 Nomina,
517 831 601 898 quae
617 832 687 876 non
703 811 814 898 ipsum
830 819 965 898 tempus
979 809 1177 900 significant,
1202 813 1260 879 sed

170 923 268 979 ,rem
294 901 329 964 in
354 909 510 985 tempore
532 897 692 985 agendam
717 896 769 962 vel
799 906 925 978 aotam,
948 909 1003 962 aut
1029 897 1261 964 conditionem

174 1023 176 1028 ·
196 997 228 1052 et
247 995 370 1050 statum
386 986 451 1062 rei,
474 983 513 1048 in
528 984 813 1072 praepositionem
831 993 1015 1058 assumunt,
1037 985 1171 1072 qtrando
1189 1009 1261 1050 non

196 1073 391 1160 simpliciter
413 1081 565 1156 tempus,
603 1092 670 1156 quo
706 1069 785 1158 quid
809 1067 935 1132 factum
955 1067 1028 1145 '‘sit,
1064 1071 1122 1135 scd
1148 1081 1261 1136 totum

197 1159 356 1246 temporis
373 1155 516 1244 spatium
535 1156 584 1220 vel
602 1177 716 1220 cursus
734 1155 802 1219 eius
819 1165 917 1241 atque
932 1154 1130 1220 diuturnitas
1147 1161 1260 1225 nomi-

195 1255 306 1310 nator.
348 1243 392 1308 In
421 1242 516 1306 omni
538 1242 610 1306 vitu
642 1252 691 1307 est
712 1264 776 1391 per
798 1251 903 1305 totam
929 1243 1041 1306 vitam.
1091 1243 1138 1307 In
1159 1245 1261 1331 igitur

195 1331 286 1395 idem
309 1331 408 1394 etiarn
432 1349 473 1392 ex
500 1327 610 1409 rimit,
643 1349 709 1414 quo

470 1351 498 1476 d
511 1413 645 1484 Cornel.
665 1415 755 1480 Paus.
775 1420 807 1483 2.
827 1419 859 1478 6.
883 1417 1016 1478 Conon.
1037 1421 1115 1495 1,1.
1140 1417 1259 1481 Graeci

197 1502 318 1568 addere
342 1499 493 1565 solebant
519 1500 734 1588 participium
767 1499 859 1564 verbi
882 1497 967 1566 εἶναι.
1020 1502 1128 1588 Αῐᾳυρ
1161 1526 1259 1592 saepe

194 1587 358 1676 temporis
378 1587 474 1650 notio
490 1585 535 1651 ita
552 1587 765 1673 reprimitur,
790 1595 828 1649 ut
844 1585 915 1673 ipsa
932 1607 984 1650 res
999 1595 1130 1651 tantum
1145 1611 1259 1686 'appa-

195 1695 294 1753 rens,
319 1683 374 1738 aut
401 1673 549 1738 conditio
574 1671 797 1758 intelligatur,
819 1682 851 1736 et
874 1691 990 1736 sensus
1015 1665 1259 1740 adactionem
1349 1714 1352 1735 .

195 1759 337 1826 localem
352 1758 482 1824 redeat:
503 1757 591 1826 unde
616 1758 671 1823 ille
695 1779 772 1822 usus
796 1757 941 1836 exsistit,
967 1757 1098 1846 dequo
1125 1783 1161 1848 p.
1179 1765 1257 1828 256.
1351 1784 1352 1793 ’

196 1847 354 1914 diximus.
407 1845 470 1912 Sed
501 1867 572 1909 non
602 1866 708 1932 pauca
732 1845 871 1908 nomina
905 1844 1004 1943 liuius
1033 1847 1162 1933 generis
1176 1849 1259 1932 ,sine

153 1935 162 1952 “
193 1932 444 2022 praepositione
460 1931 705 2018 usurpabantur
723 1927 763 1994 ab
786 1930 924 2018 optimis
948 1930 1083 2018 quidem
1107 1933 1257 2020 scripto-

194 2020 310 2097 ribus,
335 2017 469 2104 quando
499 2027 555 2082 aut
584 2017 782 2082 adiectivum
807 2027 863 2102 aut
893 2017 1056 2104 genitivus
1087 2019 1257 2102 adhaeret,

195 2103 465 2169 crecentioribus
478 2113 575 2189 atque
588 2102 822 2191 antiquissimis
842 2103 941 2168 etiam
955 2103 1118 2191 simplicia
1135 2106 1200 2188 ita,
1222 2117 1259 2171 ut

165 2244 170 2250 .
194 2190 358 2278 temporis
375 2191 470 2255 notio
483 2189 629 2254 ablativo
652 2190 908 2277 exprimeretur.
953 2191 1171 2256 Grammatici
1194 2194 1257 2258 sci·

759 1327 843 1390 dorm
869 1349 946 1392 oum
971 1327 1072 1392 verbo
1096 1329 1261 1396 iunctum.
1355 1343 1356 1396 ἐ

194 2275 271 2340 licet
286 2276 391 2340 multa
413 2275 507 2341 aliter
527 2275 649 2340 docent
666 2275 706 2341 de
722 2275 870 2342 ablativis
886 2275 1057 2341 absolutis.
1099 2277 1165 2342 Res
1184 2280 1257 2368 ipsa
1352 2323 1353 2337 .

193 2345 264 2428 don
282 2363 410 2429 videtur
426 2361 624 2448 obscuritate
639 2361 805 2427 laborare.
833 2363 1024 2427 Praedicato
1042 2361 1143 2440 enim,
1164 2366 1256 2451 quod

195 2451 359 2536 temporis
376 2451 551 2514 notionem
565 2448 669 2513 'simul
685 2447 959 2536 comprehendit,
982 2469 1052 2512 non
1073 2453 1257 2538 apponitur

195 2537 419 2623 praepositio,
438 2535 582 2683 idoogue
597 2557 633 2598 ea
651 2534 774 2598 abesto
795 2535 977 2622 participiis
995 2545 1027 2598 et
1051 2535 1092 2599 ab
1118 2537 1256 2604 adiecti·
1286 2568 1298 2592 .

195 2623 255 2699 vis,
272 2623 390 2707 quibus
407 2620 501 2684 adiici
541 2619 651 2684 eberet
660 2621 873 2707 participium
883 2621 974 2686 verbi
989 2643 1070 2692 esec.
1086 2623 1113 2686 si
1131 2623 1253 2689 latinae

146 2713 147 2716 ’
195 2707 326 2792 linguae
348 2706 489 2770 venisset
506 2706 539 2769 in
557 2725 666 2768 usum.
711 2706 773 2770 Vbi
791 2717 901 2770 autem
926 2707 1071 2771 conditio
1089 2731 1203 2773 rerum
1220 2712 1254 2775 in

195 2796 349 2878 tempore
365 2791 426 2854 sita
442 2803 501 2869 est,
523 2791 624 2876 idque
640 2801 771 2877 tempus
786 2813 856 2854 non
873 2793 938 2857 alio
957 2794 1080 2857 indicio
1101 2795 1254 2881 designa·

194 2887 261 2958 tur,
278 2889 402 2942 veteres
422 2877 600 2964 scriptores
620 2876 832 2942 substantivis
849 2878 1031 2965 praefigere
1048 2880 1202 2946 solebant
1218 2883 1254 2947 in

84 2966 86 2971 ’
169 3003 170 3008 1
194 2963 494 3063 praepositionem,
516 2973 647 3050 praeter
670 2986 706 3028 ea
729 2965 884 3046 nomina,
915 2987 999 3050 quae
1024 2965 1254 3032 adverbialiter

169 3063 414 3140 usurpantur:
440 3051 558 3129 turtio,
577 3049 768 3138 principio.
810 3051 1009 3118 Posterioris
1025 3053 1096 3118 aevi
1111 3077 1254 3120 consue-

194 3139 277 3202 tudo
294 3137 503 3206 haecomnia
523 3137 664 3202 miscuit.

298 3257 386 3309 Varro
407 3258 441 3308 de
461 3255 504 3307 Ro
523 3273 546 3308 r.
563 3255 596 3321 1,
614 3253 658 3308 34.
684 3257 712 3308 ia
733 3257 904 3326 targilioram
924 3274 1025 3310 occasa.
1061 3259 1159 3313 Celsus
1176 3260 1210 3325 1,
1227 3259 1252 3312 6.

261 3343 364 3410 etquid
378 3345 488 3410 offensae
509 3342 538 3394 iu
556 3355 636 3392 coeno
656 3343 743 3394 sensit.
777 3341 811 3406 2,
826 3339 852 3394 6.
878 3343 906 3394 in
924 3344 989 3412 ipsis
1000 3345 1147 3410 fnanibus.
1183 3347 1248 3399 Sal·
1354 3349 1355 3358 ’

261 3428 325 3480 lust.
344 3427 402 3478 Cat.
422 3425 475 3490 51,
489 3424 516 3478 6.
537 3443 614 3494 quum
635 3443 711 3495 saepe
735 3426 965 3496 Carthaginienses
985 3429 1054 3482 etia
1068 3447 1135 3498 pace
1157 3438 1183 3484 et
1203 3448 1251 3502 per

261 3513 381 3564 inducias
395 3513 477 3565 multa
494 3512 601 3580 nefaria
609 3512 735 3576 facinora
741 3513 873 3580 fecissent.

295 3612 410 3681 Proprie
432 3615 473 3669 ita
499 3612 597 3668 dicitnr
624 3615 659 3666 de
682 3613 810 3683 imperii,
842 3631 1005 3679 munerum,
1038 3615 1250 3686 magistratuum

263 3703 396 3766 temporo.
431 3703 510 3755 Caes.
527 3703 559 3754 B.
577 3699 686 3770 gall-2,
702 3700 728 3754 1.
748 3702 793 3768 qut
808 3703 896 3753 minas
904 3701 990 3768 focile
1002 3718 1061 3754 eam
1082 3719 1136 3756 rem
1152 3703 1180 3754 ia
1201 3704 1249 3754 tm-

260 3786 332 3853 pen‘o
344 3793 429 3838 nostro
450 3786 568 3854 carnequr'
587 3792 716 3854 poteraut.
752 3785 808 3852 Sed
827 3785 861 3849 1,
876 3784 919 3837 18.
938 3785 1056 3854 legitur:
1082 3775 1189 3854 imperio
1202 3805 1250 3854 pc-

261 3871 321 3938 pali
334 3867 436 3922 rainoni
452 3890 503 3923 non
518 3873 593 3923 modo
610 3871 641 3922 tle
654 3887 753 3939 regno,
771 3872 816 3922 aed
832 3871 911 3926 etiam
926 3871 959 3922 de
979 3889 1026 3934 ea,
1046 3889 1126 3940 quoru
1147 3872 1249 3934 babeat,

49 3942 55 3952 ’
116 3986 124 4003 .
160 3930 162 3939 .
234 3956 352 4030 ‘gratia
372 3957 528 4024 desperare.
553 3954 661 4008 (lortius
684 3953 713 4006 in
733 3953 872 4006 codicibus
891 3953 995 4007 invenit
1018 3958 1045 4008 iu
1066 3957 1180 4023 imperio.
1208 3954 1250 4008 mi

121 4055 145 4088 κ
239 4039 365 4118 ἸΙθςίῑιιι·
381 4039 406 4104 1,
420 4038 463 4090 33.
483 4040 510 4092 ira
528 4043 599 4092 tanto
618 4041 726 4106 imperio
742 4039 832 4108 populi
852 4041 964 4092 romoni.
997 4041 1112 4093 Sallust.
1121 4039 1189 4108 lug.
1206 4038 1248 4101 ll,

61 4117 67 4137 ³
151 4153 157 4160 -
252 4124 305 4198 ¹ll.
325 4125 586 4197 mimperioveatro.
623 4123 681 4178 cto.
699 4123 733 4176 d'e
753 4121 974 4192 nistrare.
993 4127 1096 4196 inipso
1115 4127 1249 4195 guberna·
