2738 4730
547 289 682 382 mne,
936 257 941 262 ’
1083 299 1148 364 ere
1192 268 1194 273 ’

101 460 172 516 lure
195 449 236 516 ab
253 447 346 516 eo'lit
359 449 427 516 imo
443 445 655 534 romanello,
678 465 762 534 quae
780 445 870 534 apud
895 451 1021 514 veteres
1044 447 1071 514 ei
1096 451 1150 516 ni-

28 605 34 620 x
99 535 218 622 licebat
240 545 378 624 prorsus
400 534 500 620 quasi
523 556 563 598 ex
587 533 728 616 intimo,
763 555 854 598 nuno
880 553 961 599 vero
988 472 1095 633 siguli
1146 535 1151 538 ’

100 623 178 710 quin
195 622 345 712 potins.“
388 623 434 692 Vt
456 631 661 706 praeteream
684 629 876 684 commenta
901 621 1046 686 Caesaris
1071 625 1150 688 Sca-

98 709 204 798 ligerl,
222 711 278 796 qui
295 708 334 774 ab
353 703 431 788 lpelca
449 705 593 786 deducit,
617 716 650 770 et
666 705 885 788 Schwenckii‚
910 709 967 792 qui
984 703 1058 788 ipa,
1083 710 1150 777 hoo

100 807 149 861 est
172 794 299 879 ὄμνυμι,
322 793 472 870 affirmo,
500 791 535 857 in
558 793 633 862 imo.
647 801 812 856 meretum
836 801 950 880 putat,
973 793 1020 858 uli
1041 791 1153 880 ὄμβρος

98 883 133 949 in
150 881 274 958 imber,
294 879 412 965 reliqui
429 877 498 942 sere
518 879 686 943 omnesin
705 899 798 942 eoae
824 879 1011 954 nieverunt,
1033 891 1071 944 nt
1094 883 1152 948 de-
1244 943 1249 952 ,

97 977 326 1037 monstrarent
339 966 409 1030 ima
424 965 550 1029 esseab
566 966 665 1044 imus,
681 975 713 1028 et
727 962 791 1027 hoc
802 901 864 1028 ilci
877 985 938 1050 pro
954 960 1087 1054 infimo.
1110 969 1163 1032 rlt'

96 1076 166 1120 non
184 1055 262 1119 satis
279 1051 529 1116 considerarunt
539 1053 557 1128 ,’
571 1073 637 1138 quo
657 1049 762 1114 modo
788 1071 829 1114 ex
848 1046 990 1138 iafi'mo,
1012 1049 1077 1117 hoo
1104 1065 1153 1119 est
1171 1129 1174 1140 Ι

99 1163 141 1206 ex
161 1138 322 1228 iuferimo
340 1138 406 1228 sive
420 1132 612 1224 inferrimo,
629 1135 701 1200 fieri
715 1136 863 1224 poluerit
878 1139 975 1202 imus.
1021 1139 1153 1228 Syneo-

95 1249 167 1316 pen
193 1223 419 1314 appellabant,
442 1245 526 1308 quae
551 1234 636 1287 esset
658 1223 809 1286 vocabuli
828 1222 1025 1306 destructio.
1067 1225 1155 1291 Nam

96 1319 134 1380 in
160 1313 289 1388 i-mus,
315 1309 404 1374 i-mo
429 1310 569 1373 omnino
593 1308 806 1398 exstirpalam
829 1307 978 1372 videmus
1000 1321 1154 1378 naturam

1097 547 1151 602 ¹cut
1252 613 1254 620 Ι

95 1391 678 1494 vocabuli-'infirmaeinferrimus,
721 1393 784 1456 Sed
809 1394 996 1480 procedunt
1021 1397 1062 1462 ab
1088 1397 1155 1462 hoo
1238 1379 1278 1488 θ’
1316 1376 1320 1391 l

95 1484 266 1574 principio
284 1483 320 1546 in
340 1481 429 1548 'laena
448 1503 552 1546 uram:
577 1502 646 1545 amo
662 1477 846 1564 significare
860 1478 986 1564 fundo,
1011 1484 1046 1548 in
1070 1482 1155 1548 sun-

97 1572 165 1645 do,
195 1581 229 1635 et
257 1590 361 1655 quum
385 1568 546 1634 Germani
571 1567 684 1648 dicant
703 1565 752 1628 im
784 1564 946 1646 Grande,
979 1569 1154 1658 propriam

95 1657 221 1724 latinae
234 1653 414 1742 particulae
430 1652 707 1742 significationem
736 1673 806 1734 esse
829 1651 878 1714 im
897 1651 1057 1736 Grande,
1080 1679 1156 1720 vom
1215 1714 1221 1729 ,

98 1741 263 1821 Grande,
295 1740 386 1826 quod
410 1742 452 1804 sit
467 1753 623 1828 prorsus.
675 1737 713 1802 ln
740 1736 858 1822 quibus
886 1739 1039 1804 omnibus
1069 1743 1154 1806 ratio
1212 1750 1216 1759 '

93 1828 300 1915 conspicitur
315 1825 426 1892 nulla:
450 1838 538 1894 certe
554 1849 625 1894 non
647 1831 762 1916 potest
784 1843 821 1888 ea
841 1843 884 1886 ex
907 1824 1156 1894 Germanorum

90 1935 158 1982 usu
172 1914 254 2002 peti.

186 2049 339 2128 ‘Bappiur
360 2049 390 2103 in
416 2051 600 2110 Commentat.
619 2049 653 2104 de
677 2043 909 2106 Demonstrativis
930 2069 958 2120 p.
971 2049 1016 2106 21.
1033 2068 1067 2105 ex
1080 2069 1156 2106 eom·

166 2135 313 2206 paratione
332 2135 446 2205 linguae
468 2135 575 2188 indicae
598 2129 713 2206 collegit
734 2137 850 2206 originis
875 2139 1156 2208 argumentaremur

168 2239 230 2274 esee
245 2237 296 2290 pro
309 2221 373 2274 uma
395 2201 515 2285 dietum,
533 2220 615 2288 idque
640 2238 673 2276 eu
694 2223 705 2272 i
725 2221 909 2287 pronominali
927 2228 955 2276 et
972 2223 1155 2293 syllabarum

168 2312 316 2370 constare,
332 2321 403 2374 quae
417 2305 446 2357 in
459 2304 557 2366 indicis
575 2304 776 2373 pronominibus
793 2305 893 2358 tertiae
908 2323 1041 2374 perronae
1067 2325 1154 2378 eppa-
1243 2369 1248 2377 ¹

166 2391 255 2445 nitur.
288 2386 374 2460 lds'pne
389 2388 556 2458 persuasisse
576 2391 686 2443 videtur
704 2389 908 2454 mademarius,
930 2409 1011 2458 quem
1034 2385 1097 2447 vide
1120 2397 1156 2450 ad

164 2475 284 2530 Festum
306 2493 333 2547 p.
356 2475 419 2528 562.
460 2473 596 2541 Equidem
620 2491 687 2526 vero
709 2475 814 2526 nullam
837 2491 935 2526 censeo
957 2476 1073 2546 originis
1094 2479 1162 2534 esra
1261 2491 1267 2498 ’

163 2560 393 2630 explicationem,
410 2559 438 2612 in
463 2575 518 2626 qua
539 2557 723 2613 alienissimae
734 2562 790 2612 ‘res
813 2557 991 2616 similitudine
1005 2561 1064 2624 sani
1081 2581 1173 2620 εοιιι·ι

167 2651 327 2717 ponuntur,
344 2662 397 2698 nee
415 2640 475 2698 ulla
491 2643 699 2714 significationis
714 2644 786 2699 ratio
799 2645 928 2702 habetur.

145 2839 149 2850 «
181 2797 279 2862 Imzaa
293 2819 364 2862 non
380 2806 430 2863 est
453 2819 519 2884 pro
537 2792 665 2886 infimo
688 2796 832 2880 dicium,
855 2799 912 2864 sed
934 2801 1092 2892 singulari
1114 2825 1156 2870 ex

93 2882 204 2972 alirpe
221 2894 364 2958 eaelum.
406 2882 444 2947 ln
463 2882 545 2948 loeis
564 2885 654 2948 enim
673 2884 881 2972 designandis
898 2887 979 2953 duas
1001 2891 1156 2957 notiones

93 2969 334 3058 distinguimus
349 2969 430 3032 has:
451 2969 491 3034 ab
510 2990 562 3045 eo,
579 2969 669 3054 quod
684 2992 784 3056 supra
801 2971 852 3035 v'el
866 2973 899 3036 in
911 2976 1155 3060 superiorepo·

23 3095 25 3105 ·
94 3056 202 3152 gione
223 3065 290 3138 est,
310 3053 535 3121 descendimus
553 3055 593 3118 ad
617 3054 673 3134 id,
695 3055 787 3141 quod
811 3055 951 3121 inferius
968 3069 1035 3139 est,
1061 3070 1093 3124 el
1115 3059 1157 3124 ad

92 3140 280 3206 infimum:
303 3162 370 3226 quo
389 3139 526 3204 altitudo
550 3139 684 3225 quidem
709 3139 875 3212 definitur.
920 3143 985 3206 Sed
1009 3147 1156 3232 opponi·

90 3236 149 3292 tur
168 3215 274 3292 eliam
297 3227 343 3302 ei,
367 3225 456 3312 quod
478 3235 527 3290 est
550 3225 585 3289 iu
600 3225 769 3313 superiore
792 3227 905 3316 parte,
927 3227 979 3309 id,
1004 3229 1096 3379 ³u⁰d
1120 3233 1156 3297 in

94 3313 269 3378 contraria
284 3324 378 3400 parte
401 3310 490 3376 infra
512 3321 572 3376 est.
616 3313 773 3377 Germani
797 3315 913 3378 dieunt
938 3338 986 3379 aa
1029 3337 1071 3380 ea
1090 3339 1157 3382 un·
1180 3365 1183 3370 -

92 3411 175 3465 tera
196 3397 344 3464 «flaua.
380 3397 487 3462 ‘lllud‘
509 3396 712 3483 significatur
740 3421 819 3466 voce
841 3395 917 3487 ias,
953 3400 1018 3464 hoe
1046 3412 1158 3490 autem

91 3506 179 3551 voce
197 3506 296 3549 amm.
341 3483 391 3548 Ex
408 3483 474 3548 hoe
492 3482 528 3547 fit
546 3485 670 3564 imum,
693 3485 849 3571 quodest
870 3487 1075 3552 eontrarium
1096 3491 1157 3554 sa·
1263 3534 1267 3542 -

120 3593 184 3636 ero
205 3569 259 3635 vel
276 3591 425 3661 summe,
449 3570 514 3634 das
537 3565 681 3635 Uetere.-
698 3567 860 3659 ¹infimum
878 3582 988 3636 aulem
1013 3583 1061 3638 est
1091 3574 1157 3640 dan

91 3593 280 3722 {laterata
324 3655 440 3742 Neque
464 3653 632 3721 tamenin
654 3655 719 3720 hae
743 3661 921 3724 notionum
942 3658 1156 3742 similitudine

91 3741 171 3809 fieri
190 3763 262 3816 non
281 3742 402 3829 potuit,
424 3742 583 3805 utimum
601 3765 664 3830 pro
683 3738 803 3829 infime
820 3743 995 3826 diceretur,
1016 3755 1048 3810 et
1062 3745 1170 3822 Rhe·⁴

93 3839 152 3900 lor
169 3827 216 3892 ad
233 3828 378 3892 Herenn.
404 3833 435 3899 3,
455 3831 506 3906 18,
522 3832 575 3892 30.
598 3828 773 3904 scriberem
797 3828 887 3902 nilzil
905 3841 1026 3894 nostra
1047 3831 1158 3898 iuter·-

93 3915 162 3997 ait,
191 3924 310 3976 rutrum
330 3935 353 3976 a
369 3935 517 3989 aramma,
542 3937 589 3978 aa
606 3912 649 3978 ab
665 3915 753 3994 imo,
775 3937 824 3980 aa
844 3912 887 3978 ab
908 3915 1022 3980 media
1043 3917 1158 3981 nomi-

93 4025 144 4066 na
161 4021 287 4064 eorum
303 3996 657 4085 diceresineipiamus:
678 4022 781 4064 nemo
797 4011 908 4064 tamen
926 4000 1085 4088 loquutus
1108 4013 1158 4069 est
1202 4039 1207 4044 ·

94 4084 142 4151 ab
159 4081 287 4173 infimo
300 4095 460 4173 pectore,
483 4104 583 4152 nemo
606 4085 714 4154 imam
737 4085 779 4154 de
804 4083 941 4184 ignobili
963 4087 1157 4175 locamur·

798 4307 808 4336 Χ
