2730 4720
60 283 62 295 ’
156 253 163 268 ’
222 257 316 341 110'
690 265 832 337 lutt-

285 385 334 527 [2.
363 425 450 494 Hinc
469 423 525 507 fit,
545 431 583 524 ut
603 419 685 490 hasa
706 421 863 512 particula
878 424 1188 524 propitum'locntn
1209 431 1267 498 in·

209 524 330 584 semet
342 514 377 580 in
393 513 653 598 interrogamus
668 508 710 574 de
725 531 763 575 re
776 531 862 598 pene
876 511 1060 578 incredibili
1080 513 1177 581 facts.

208 707 212 712 .
324 631 437 686 Terent.
449 630 532 686 Andr.
545 629 571 695 ὃ,
586 629 612 694 1,
627 627 671 683 ld.
698 629 760 694 lesi,
779 637 835 683 tusa
855 630 930 684 cita?
962 631 1032 686 Eun.
1047 625 1082 700 2,
1092 636 1119 703 1,
1136 635 1179 692 lt.
1215 651 1266 690 ιι.

290 719 407 774 Tandem
419 733 470 770 non
485 726 542 786 «μ’
551 715 601 768 itta
614 731 726 778 wem,
742 715 767 767 οἱ
779 716 815 768 rit
826 733 898 785 opus,
913 708 954 770 oe'l
967 722 1187 774 manturanae.
1218 738 1266 775 rs.

287 803 524 944 animemur?
537 797 674 854 uidua?
689 797 756 864 eide,
768 797 832 868 estid
844 815 923 870 nem.
941 802 1042 858 nanas
1056 803 1084 870 8,
1097 803 1184 871 3,·45.
1201 807 1267 860 bui!

306 1003 338 1064 8.
368 996 499 1062 Ironiae
525 993 676 1073 inservit',
706 991 762 1058 ubi
793 993 932 1060 alienam
960 998 1155 1064 sententiam
1183 973 1266 1064 reii-

221 1083 343 1149 cientee
363 1084 524 1148 miramur
537 1080 590 1162 id,
615 1077 705 1165 quod
723 1077 848 1143 dictum
864 1090 945 1145 erut.
1175 1095 1179 1103 ·

324 1203 436 1256 Terent.
458 1199 612 1265 enorme,
628 1199 654 1263 1,
673 1193 717 1252 Ί2.
741 1199 801 1262 lsai,
826 1199 892 1252 disti
904 1200 1029 1268 pulchre,
1054 1201 1180 1270 siquidem
1195 1202 1265 1272 qudr-

178 1295 182 1304 ’
289 1303 367 1358 quum
385 1287 498 1339 erederet
513 1291 537 1338 te
558 1285 622 1336 alac.
656 1284 758 1336 Heeut.
780 1282 805 1348 t,
818 1279 845 1346 5,
861 1282 903 1336 28.
921 1285 1092 1356 hungrorum
1107 1304 1141 1340 er.
1165 1287 1266 1354 quibus

213 1371 215 1378 '
262 1385 266 1396 ·
290 1369 383 1424 verbis
398 1367 484 1439 Syrus
506 1359 559 1422 uun
583 1367 645 1420 rats
669 1369 842 1422 Chremetem
864 1365 1025 1436 obiurgare,
1045 1369 1116 1438 quod
1141 1387 1195 1424 nan
1216 1373 1267 1424 tle-

278 1455 346 1510 -euit
359 1471 485 1518 servum,
505 1453 569 1519 ned,
586 1453 698 1504 ntbene
716 1451 785 1503 vitu
804 1453 1001 1519 Galphurniur‚
1019 1452 1085 1507 dicit
1102 1454 1174 1508 bueo
1197 1471 1265 1510 eer-

289 1542 329 1596 be
342 1556 404 1594 eum
419 1537 516 1593 servili
530 1544 619 1608 gettn.
652 1535 779 1589 Editores
793 1534 905 1602 quidam
921 1536 1085 1606 seripserunt
1098 1539 1160 1592 aab.

303 1653 333 1719 4.
360 1650 509 1716 Donatus
531 1669 635 1736 quum
661 1645 701 1711 ad
723 1645 856 1711 Terent
876 1645 959 1712 Eun.
976 1649 1008 1730 4,
1024 1652 1056 1731 7,
1078 1649 1130 1713 s5.
1154 1671 1265 1715 anno-

158 1775 160 1783 *
212 1746 337 1823 ¹detenet:
366 1736 444 1816 leui,
471 1736 566 1813 laem,
588 1744 621 1798 et
642 1743 756 1798 cetera
777 1731 971 1797 huiusmodi
990 1734 1151 1822 generis,
1177 1757 1264 1799 san·

215 1839 288 1889 'nae
308 1833 386 1898 suut
410 1819 570 1885 adversas
595 1839 668 1892 eos,
692 1813 808 1904 quibus
829 1816 1032 1888 irascimur.-
1082 1821 1265 1886 rammntici

220 1909 299 1974 huic
321 1906 501 1996 particulae
515 1903 700 1968 tribuerunt
717 1901 783 1965 vim
805 1903 872 1966 irae
887 1843 1127 1987 significandae.
1169 1907 1264 1970 nsta-

211 2013 299 2059 rnen
326 2011 408 2078 quae
433 1990 572 2054 afferunt
596 1986 766 2074 exempla,
799 1998 876 2049 sunt
898 1987 954 2052 illa
975 1989 1159 2072 Ciceronis,
1182 2013 1264 2138 puae

219 2101 283 2144 nos
298 2099 395 2162 supra
421 2076 591 2162 posuimus
614 2083 706 2137 etex
729 2070 831 2158 Epist.
855 2072 895 2136 ad
919 2074 983 2136 Att.
997 2079 1030 2152 o,
1048 2079 1079 2138 6.
1108 2075 1184 2139 vide
1206 2097 1264 2140 um

212 2173 406 2227 'sermonem
429 2160 489 2223 luti
493 2157 646 2245 fratrem
659 2157 725 2222 reli
745 2157 804 2220 uit.
828 2156 883 2220 ubi
903 2159 1134 2222 tantummodo
1152 2159 1265 2226 homi·-
1362 2179 1363 2190 ¹

216 2269 279 2333 lues
297 2248 450 2310 dicuutur
471 2245 581 2308 mirati
604 2266 670 2308 esse
692 2181 744 2307 ved
765 2263 840 2305 cum
865 2241 1005 2328 quadam
1029 2244 1265 2332 indignatione,

212 2333 272 2398 'vel
295 2355 372 2397 num
397 2329 618 2395 miseratione.
670 2327 817 2394 Terentii
847 2335 964 2390 autem·
987 2330 1083 2394 verba
1115 2331 1265 2417 loquitur

222 2419 372 2499 Thraso,
398 2415 643 2498 obstupefactus
661 2413 700 2477 de
717 2434 753 2477 re
775 2412 829 2477 rix
852 2411 1017 2496 credibili,
1038 2435 1114 2479 cum
1136 2417 1264 2483 irrisio-

212 2528 265 2572 ne
278 2505 437 2592 quadam.
480 2501 638 2566 Germani
654 2499 827 2564 dicunblso
842 2497 897 2563 Ιιο.
1189 2521 1192 2528 ’

307 2625 339 2689 5.
361 2619 399 2684 In
422 2618 556 2685 Terent.
580 2617 713 2683 Phorm.
730 2622 761 2698 4,
778 2621 810 2696 3,
828 2617 881 2682 58.
912 2615 993 2681 olim
1019 2615 1187 2702 legebatur
1208 2622 1265 2688 ai!

181 2707 302 2786 glanis
342 2705 439 2770 Nune
455 2723 534 2773 vero
552 2703 748 2770 exBentleii
767 2701 1087 2769 emendationeoiei.
1181 2705 1184 2712 “

659 2901 812 2990 ΙΑΜ.

173 3147 176 3153 ¹
291 3061 370 3129 'luci
399 3061 431 3130 io
450 3059 490 3128 ab
506 3082 566 3144 eo,
587 3057 677 3150 quod
694 3049 904 3148 in'particula
923 3075 989 3140 mm
1006 3057 1155 3150 primum
1178 3077 1265 3142 oen·

220 3149 261 3216 lis
284 3172 318 3216 se
340 3085 455 3231 uident,
476 3169 558 3213 num
583 3147 598 3212 ἰ
619 3147 729 3211 littera
760 3167 943 3210 consonans
966 3146 1026 3224 sit,
1058 3165 1100 3208 an
1130 3142 1264 3238 vocalis.

220 3236 338 3300 Poetae
361 3235 449 3299 euim
475 3234 548 3298 iam
579 3239 657 3316 post
680 3229 826 3294 vocalem
850 3251 976 3317 ponere
996 3227 1146 3293 solebant
1169 3228 1264 3294 nullo

220 3317 312 3384 hiatu
336 3310 468 3408 aperto}
500 3315 596 3381 veluti
625 3313 778 3377 Tibullus
800 3313 884 3380 dixit
909 3313 980 3380 aidi
1005 3314 1078 3379 ium
1101 3315 1264 3391 iuvenem,

220 3415 254 3468 et
269 3426 366 3492 saepe
382 3414 415 3468 et
429 3401 501 3465 iam
516 3421 579 3487 pro
596 3397 748 3485 spondeo
769 3407 964 3484 posuerunt.
1006 3399 1123 3486 virgil.
1139 3399 1208 3465 Ecl.
1233 3404 1263 3477 1,

153 3508 154 3512 ’
220 3493 274 3556 88.
296 3491 355 3555 Ge.
379 3493 409 3566 2,
431 3487 505 3550 542.
555 3483 689 3571 Saepius
728 3493 856 3564 tamen,
891 3484 959 3563 vel,
994 3493 1042 3548 ut
1063 3483 1198 3569 bingius
1227 3485 1263 3546 in

221 3575 356 3654 Quaest.
372 3573 474 3638 Plaut.
497 3591 530 3656 p.
547 3571 600 3633 63.
621 3566 783 3652 affirmat,
803 3591 871 3633 sem
899 3591 935 3636 er
951 3589 1040 3634 niano
1059 3569 1133 3634 ium
1156 3568 1263 3633 tribus

172 3705 175 3712 ·
213 3656 354 3807 'pyllalbis
379 3665 584 3804 usurpptupw
585 3677 602 3718 a
633 3654 793 3803 semipes
825 3591 899 3720 vid.
926 3653 1069 3738 Scaliger
1095 3653 1153 3803 daB
1167 3655 1264 3802 Galus.

221 3749 548 3892 aad'l'ldrge'ntd’dndr.
576 3743 1264 3918 18Ῐ811ῗ31446.ηθοῖθὲεὲιῗὶιῒρὲξὲρίαθὲξὲ

219 3913 314 4000 plicis
337 3912 410 3976 ium
430 3909 593 3996 bisyllabi.
640 3907 700 3973 vd.
724 3909 827 3975 Pluut.
845 3909 944 3976 Most.
966 3916 995 3985 t,
1019 3911 1129 3989 4,·24.
1148 3915 1150 3921 ’
1172 3909 1261 3972 Nam

221 4016 323 4086 quum
341 3996 583 4083 antiquissimae
598 3995 726 4080 liuguae
741 4017 805 4059 una
820 3994 926 4058 litters
944 3994 959 4058 i
973 3993 1104 4073 fuisset,
1123 3992 1195 4058 fieri
1210 4003 1263 4058 te·

219 4107 297 4152 men
313 4092 462 4174 poterat,
478 4091 515 4146 ut
529 4080 695 4167 obliquata
704 4079 973 4168 pronuntiatione
988 4078 1108 4182 roralis
1127 4080 1161 4144 in
1178 4101 1262 4144 onn-
