2592 4720
525 237 651 342 natu
1053 242 1116 306 aas

469 441 717 530 maun
1031 377 1039 386 “
1140 369 1161 400 ’

158 615 188 674 1.
213 603 386 694 Multiplex
408 619 456 673 eet
479 631 556 674 neus
578 606 722 673 adverbii
744 624 858 687 mnu,
881 629 899 670 a
919 607 1121 698 lexicogra··

21 765 22 770 η
69 693 149 782 pleis
172 693 282 757 neseio
297 715 338 756 an
364 716 433 758 non
459 696 536 758 eatis
558 693 740 780 expositue.
793 691 999 778 Amplissima
1016 699 1107 762 'enim

66 784 165 846 notio
181 779 229 842 rei
243 778 327 842 male
343 789 431 842 actae
447 778 678 866 complectitur
694 776 805 842 omnia
822 797 888 839 non
906 777 1003 856 bona,
1027 803 1108 865 pra-

66 884 128 938 va,
149 863 282 944 vitiose,
303 863 474 949 improba,
496 877 527 930 et
542 865 586 928 im
613 862 705 927 rimie
722 861 993 960 qualemcumque
1008 885 1109 929 eron·

65 958 141 1011 tum
160 948 295 1013 malum.
339 947 376 1010 ld
400 971 497 1030 vero,
519 885 612 1034 quel
624 945 843 1032 intelligamus
865 957 895 1008 et
921 947 1107 1014 distinetio-

62 1053 106 1097 ne
130 1034 264 1098 nomine
289 1031 511 1117 designemus,
564 1034 732 1117 letumque
758 1032 902 1096 ostendit
928 1031 998 1116 ipea
1030 1057 1106 1098 sen·

66 1117 170 1182 tentia
186 1127 241 1181 aut
261 1115 414 1196 verbum,
437 1119 523 1182 euia
548 1119 612 1182 dita
632 1126 678 1181 est
700 1116 868 1202 particula.
912 1116 997 1179 Nam
1016 1119 1106 1184 mole

63 1201 208 1266 credam
224 1201 312 1288 apud
329 1201 478 1267 Plautum
495 1204 591 1268 Poen.
608 1202 641 1280 4,
656 1206 687 1278 2,
703 1202 754 1266 55.
778 1211 826 1264 est
849 1199 1014 1266 eredendo
1040 1202 1106 1266 fal·
1200 1247 1205 1266 .

60 1285 138 1351 lara
162 1298 194 1352 et
215 1285 306 1352 male
328 1308 437 1353 emere
461 1287 548 1375 apud
571 1287 638 1355 cic.
660 1285 700 1349 ad
721 1287 785 1350 au.
807 1291 840 1364 2,
855 1287 887 1348 4.
911 1297 959 1348 eet
984 1309 1105 1373 magne

60 1372 193 1458 pretio,
220 1371 312 1436 mole
335 1373 477 1437 vendere
505 1375 539 1438 in
567 1372 658 1436 Verr.
682 1375 715 1444 8,
737 1373 790 1451 98,
813 1374 888 1436 att.
915 1391 1018 1456 parvo
1048 1367 1111 1437 eut'

62 1455 160 1521 nullo
185 1456 303 1542 pretio.
354 1457 573 1545 Ambiguitate
598 1467 706 1520 autem
734 1455 874 1540 quadam
900 1477 970 1518 non
993 1467 1105 1522 carent

63 1562 123 1606 eae
146 1542 344 1618 tententiae,
365 1543 398 1606 in
425 1543 543 1628 quibus
567 1540 753 1606 adverbium
779 1550 811 1604 et
833 1539 873 1604 ad
898 1553 1047 1626 agentem
1072 1553 1104 1606 et

62 1627 197 1690 adrem
222 1625 381 1710 agendam
406 1625 525 1692 referri
551 1636 678 1712 potest,
701 1624 798 1687 veluti
819 1623 910 1690 male
936 1625 1103 1712 cogitare,
1153 1672 1160 1692 s
1254 1678 1257 1686 .

61 1709 157 1775 male
178 1733 347 1775 narrare:
369 1712 409 1776 de
428 1733 495 1797 quo
512 1711 666 1776 Klotziue
683 1709 722 1772 ad
740 1710 805 1772 Cic.
821 1709 921 1772 Tuae.
941 1716 970 1782 1,
986 1715 1015 1786 6,
1035 1715 1083 1775 10.

165 1828 207 1879 lle
221 1828 313 1898 perbis
326 1830 395 1882 mole
409 1844 493 1882 emere
504 1829 568 1881 vide
581 1829 738 1882 Burmann:
749 1827 783 1882 ed
798 1829 904 1880 Patron.
916 1825 961 1879 te.
977 1829 1103 1883 Weeter-

130 1910 195 1962 hoe.
211 1917 239 1965 et
252 1911 394 1974 Ruhnken.
415 1913 449 1963 ad
467 1913 577 1965 Terent.
593 1914 662 1966 Eun.
678 1912 704 1976 4,
717 1909 744 1976 4,
758 1911 784 1963 2.
802 1912 910 1964 Petron-
928 1909 971 1965 ut.
992 1930 1100 1965 eonem-

128 1995 185 2045 reee'
205 1997 240 2045 orl
260 2011 351 2048 uerene
373 1997 442 2047 mole
463 1997 621 2050 dormientia.
643 1997 696 2048 hoe
716 1996 887 2058 Burmannus
906 1983 1102 2066 interpretetur

130 2077 295 2130 stanuum
328 2085 357 2130 et
383 2085 477 2144 poetea
507 2086 635 2133 narretur
663 2079 799 2146 ephebum
823 2096 971 2148 numquam
1002 2080 1104 2135 altiore

130 2165 225 2214 menno
239 2161 444 2214 obdormitione.
478 2161 527 2214 Eut
547 2161 634 2232 igitur
653 2161 839 2230 inopportune.
873 2163 916 2216 Si.
934 2167 1002 2217 neele
1023 2183 1101 2235 repu-

128 2245 376 2314 gnanti·guualiune
399 2248 500 2300 extorri.
524 2246 551 2298 lt.
566 2262 590 2296 e.
612 2261 666 2297 nun
689 2261 722 2296 ex
741 2244 830 2296 animo
852 2247 1034 2315 repugnanti,
1052 2255 1102 2301 eut

128 2329 187 2382 eine
204 2329 315 2381 elieotn.
348 2329 402 2381 Sed
419 2348 442 2382 e.
457 2329 500 2382 12.
517 2346 627 2398 purum
644 2328 746 2394 (rerum
769 2312 921 2403 venalium)
932 2332 1015 2395 fidem
1030 2313 1101 2384 mole

130 2412 304 2464 ambulantem
317 2415 455 2468 oleouritee
467 2409 589 2481 temporie
601 2413 731 2478 facillime
741 2419 849 2480 tegeret.
884 2409 943 2464 Nun
955 2420 1019 2478 puto
1028 2414 1100 2466 haee

129 2499 272 2562 corrupta,
296 2497 342 2548 eetl
365 2513 426 2550 enm
445 2497 600 2550 Bormanon
614 2495 697 2550 fitam
717 2505 857 2563 raptarum
876 2511 969 2552 rerum
993 2496 1100 2550 olandi-

126 2586 233 2634 eanum
249 2578 382 2650 intellige.

146 2737 178 2796 2.
202 2731 248 2795 Ea
264 2729 361 2795 verba
380 2739 408 2792 et
427 2728 600 2811 adieram,
626 2752 708 2878 Quae
726 2731 795 2819 ipsa
817 2729 938 2796 malam
962 2733 1012 2796 vel
1038 2734 1098 2798 de·

58 2815 216 2880 terionem
233 2837 343 2878 rerum
362 2815 583 2879 conditionem
599 2819 629 2880 in
657 2819 759 2888 icant,
781 2817 843 2879 sibi
865 2817 1012 2881 iunctum
1037 2818 1108 2898 hu-¹

58 2901 140 2964 bent
160 2899 267 2978 mule,
297 2909 332 2960 ut
353 2899 448 2958 notio
471 2922 528 2962 sua
553 2903 601 2963 vel
624 2903 753 2984 gravior
776 2899 833 2963 liat
859 2902 908 2964 vel
930 2914 1096 2988 augeatur.

60 2987 172 3066 Quare
190 2983 316 3048 videtur
335 2981 421 3047 idem
434 2980 499 3046 huc
516 2984 670 3048 adverbio
691 2985 853 3070 exprimi,
872 2983 973 3070 quod,
994 2989 1098 3050 omia·

59 3093 96 3135 sa
118 3069 178 3133 hee
201 3069 278 3132 mali
303 3068 488 3146 notatione,
516 3067 640 3147 valde„
662 3071 875 3142 veliementer
902 3069 1097 3154 significant.

61 3155 216 3219 Germani
233 3153 331 3216 simili
353 3151 454 3230 modo
477 3174 573 3238 saepe
597 3153 889 3226 dieuntaelalimm.
933 3153 984 3220 cf.
1009 3157 1097 3220 Lau·

57 3251 144 3306 rent.
160 3239 271 3304 Vallae
287 3237 431 3322 Elegant.
450 3241 481 3316 2,
498 3240 550 3300 52.
1057 3278 1061 3284 ,

172 3357 283 3410 Terent.
298 3357 368 3408 Eun.
381 3353 407 3421 4,
421 3353 446 3421 Ἰ,
461 3354 489 3409 4.
509 3357 578 3408 mole
592 3359 707 3410 melculo
728 3376 793 3410 eam.
829 3357 884 3410 Cic.
899 3359 978 3410 Brut.
991 3357 1034 3422 22,
1053 3357 1096 3412 88.

82 3448 86 3453 “
122 3445 240 3497 'addebat
255 3445 335 3495 etiem
352 3467 384 3481 -
400 3441 533 3510 seriptoree
548 3441 605 3492 illos
618 3441 686 3494 male
701 3442 826 3494 mulcator
838 3443 917 3496 eaieee
931 3461 988 3494 oum
1003 3443 1096 3497 natta.

126 3528 236 3580 Terent.
252 3527 322 3579 llee.
335 3524 361 3590 2,
377 3525 404 3589 2,
418 3525 443 3577 2.
460 3517 530 3576 'mule
548 3533 646 3588 metuo,
661 3543 692 3578 ae
708 3525 874 3577 Philumenae
888 3526 976 3594 magia
996 3527 1097 3578 morbae

126 3613 304 3680 odgreueecot.
337 3609 387 3660 Λᾶ.
401 3607 427 3672 4,
442 3608 467 3672 1,
481 3605 507 3658 7.
531 3608 595 3662 ittae
617 3627 661 3660 ree
677 3611 750 3661 nullu
773 3609 827 3662 olio
849 3625 942 3662 eoueea
963 3617 1016 3664 tant
1029 3610 1097 3662 mole
1153 3641 1160 3648 ν

124 3695 176 3748 oali.
209 3693 474 3748 ubivd.Rnhulen.
504 3691 561 3743 uic.
577 3693 611 3744 ad
625 3695 679 3746 Art.
693 3691 776 3757 14,“1.
829 3751 833 3758 ι
890 3723 898 3728 -

170 3797 281 3852 Sunion.
297 3797 360 3850 Ner.
377 3794 419 3848 42.
436 3797 560 3863 collapsae
574 3797 705 3866 muneque
720 3797 788 3850 molt
798 3794 1019 3864 praeditatur
1036 3807 1095 3844 uoce
1164 3805 1171 3818 “

99 3899 101 3908 ’
125 3887 151 3935 ei
161 3900 242 3952 prope
252 3883 430 3933 intermortuae
444 3881 540 3968 ἰιιοιιίί.ἱ

84 4063 85 4066 =
138 4023 168 4084 3.
191 4017 239 4084 Ad
254 4025 385 4102 tempus
400 4025 432 4080 et
452 4014 733 4103 opportunitatem
753 4012 882 4102 'spectat
904 4010 1013 4087 mole,
1038 4009 1095 4076 ubi
